2984 4830
779 341 1007 398 ·-14-

310 538 461 580 summum
482 521 586 577 iudicii
601 520 679 577 diem
697 538 728 578 ,3.
741 520 768 578 d.
781 520 830 577 111.
846 520 922 577 Νο3.
936 520 1016 594 Sept.
1032 520 1130 577 fuisse
1142 520 1294 577 Asconius
1311 517 1491 596 prodidit¹);

311 645 382 702 ergo
408 628 511 686 Cicero
536 647 562 685 a.
579 628 606 684 d.
624 627 673 685 Χ1.
697 627 763 685 Κ31.
781 627 862 701 Sept.
886 628 979 685 verbo
1010 626 1108 685 statim
1138 644 1195 684 suo
1226 627 1291 685 iure
1322 644 1399 685 usus
1430 630 1489 685 est.

310 788 312 792 .
398 734 556 793 Postremo
580 735 656 791 haec
674 735 776 793 nescio
794 752 834 791 an
850 734 913 791 sint
929 737 1115 807 argumento.
1154 735 1188 791 A.
1206 734 1232 792 d.
1248 733 1295 792 XI.
1312 733 1379 791 Kal.
1394 733 1490 808 Sept,

310 860 378 899 cum
409 842 530 899 Marcus
562 859 641 915 quae
673 844 747 898 sunt
770 841 811 898 111
827 841 906 909 1,1’1
924 843 955 898 31
973 840 1012 898 18
1045 841 1234 915 scripsisset,
1268 841 1371 910 Quinti
1401 840 1490 898 lilius

308 949 393 1007 venit
417 951 447 1006 31
471 949 549 1005 duas
574 947 724 1023 epistulas
749 966 769 1004 a
791 951 877 1022 patre
913 951 1056 1021 acceptas
1087 948 1189 1005 Marco
1221 947 1364 1021 legendas
1396 947 1488 1005 dedit.

309 1055 488 1126 Quaerimus
512 1055 571 1122 bic,
604 1072 684 1130 quae
714 1055 807 1112 luerit
837 1072 941 1122 causa,
977 1055 1058 1129 quod
1090 1054 1240 1129 epistulas
1270 1055 1355 1129 ipsas
1386 1054 1490 1112 ferret.

308 1162 414 1236 Neque
439 1163 517 1218 enim
540 1161 601 1219 ullo
632 1161 693 1218 3113
727 1161 927 1236 epistularum
957 1160 1025 1219 loco
1056 1161 1205 1218 eiusmodi
1236 1161 1489 1218 consuetudinem

308 1270 508 1327 memoratam
532 1268 753 1342 cognoscimus,
779 1285 963 1342 quamquam
988 1267 1090 1336 Quinti
1112 1267 1259 1324 familiam
1275 1267 1369 1325 multo
1386 1269 1489 1326 rarius

310 1393 400 1450 quam
424 1376 558 1433 Marcum
581 1374 699 1432 litteras
723 1392 742 1431 a
766 1375 875 1444 Quinto
900 1375 1057 1448 accepisse
1085 1374 1138 1430 vix
1161 1374 1340 1431 credendum
1364 1377 1420 1442 est,
1456 1379 1488 1433 31

308 1483 438 1550 Marcus,
457 1482 728 1557 quotienscumque
744 1482 776 1539 in
792 1481 913 1539 domum
925 1481 1112 1554 Pomponiae
1127 1481 1278 1549 veniebat,
1297 1484 1376 1538 certe
1393 1483 1487 1540 etiam

308 1589 427 1646 litteras
459 1589 563 1646 fratris
594 1588 776 1663 perlegebat,
805 1606 901 1663 neque
933 1587 1099 1662 quidquam
1122 1589 1159 1645 de
1184 1606 1220 1645 33
1243 1607 1274 1645 13
1297 1588 1383 1646 113111
1406 1607 1488 1646 3113-

307 1696 399 1754 tiavit
422 1696 483 1753 alio
507 1695 584 1754 loco.
630 1695 705 1752 Tum
728 1696 821 1768 igitur
844 1695 1040 1769 singularem,
1074 1695 1156 1769 quod
1188 1712 1241 1751 333
1273 1694 1417 1768 legendae
1446 1697 1487 1754 ad

307 1803 431 1860 fratrem
455 1803 612 1869 ferrentur,
638 1820 763 1859 causam
787 1802 884 1859 luisse
908 1805 999 1878 puto3
1024 1819 1121 1858 errare
1145 1801 1236 1874 igitur
1259 1819 1320 1859 non
1336 1802 1486 1872 videmur,

309 1910 336 1967 si
352 1909 430 1965 duas
454 1908 524 1965 illas
549 1907 698 1983 epistulas
723 1908 835 1983 primas
860 1908 957 1965 fuisse
981 1925 1138 1965 censemus
1163 1927 1182 1965 a
1198 1909 1308 1978 Quinto
1333 1910 1372 1966 ad
1394 1909 1488 1967 iami-

308 2015 381 2073 liam
413 2032 502 2072 suam
526 2032 542 2071 e
566 2015 724 2071 Britannia
751 2015 871 2072 missas
926 2015 987 2088 Ipsi
1019 2015 1119 2072 animo
1150 2015 1239 2073 facile
1271 2017 1487 2085 informamus,

309 2139 400 2196 quam
424 2121 584 2196 suspensis
608 2121 717 2178 animis
742 2124 773 2178 et
794 2121 914 2178 Marcus
938 2125 968 2179 et
991 2121 1094 2191 Quinti
1124 2122 1242 2179 familia
1272 2126 1344 2198 post
1366 2127 1487 2182 tantam

307 2228 475 2286 litterarum
498 2228 753 2286 intermissionem
766 2228 915 2303 epistulas
932 2229 1185 2303 exspectaverint,
1211 2247 1338 2305 cumque
1361 2231 1487 2288 tandem

307 2335 443 2393 redditae
461 2336 571 2402 essent,
591 2335 719 2392 alterum
735 2337 773 2393 ab
791 2336 886 2393 altero
904 2335 1059 2393 certiorem
1075 2336 1190 2393 iactum
1207 2354 1274 2394 esse
1292 2339 1323 2394 et
1335 2312 1489 2412 epistulas

308 2459 430 2516 quoque
454 2459 474 2498 a
497 2442 598 2511 Quinti
621 2442 739 2500 familia
768 2445 911 2517 acceptas
943 2443 1093 2516 perlegere
1117 2443 1211 2509 Marci
1240 2444 1366 2501 multum
1389 2444 1487 2502 intor-

306 2549 403 2606 fuisse
428 2553 665 2606 consentaneum
689 2552 745 2607 est.
792 2549 850 2607 Sed
875 2552 1038 2624 utcumque
1063 2552 1119 2618 est,
1151 2552 1290 2607 constare
1315 2553 1389 2625 puto
1413 2551 1488 2608 illas

306 2656 425 2714 litteras
443 2674 462 2713 a
478 2655 581 2726 Quinti
603 2654 721 2720 familia
744 2659 887 2731 acceptas
904 2656 1001 2714 fuisse
1018 2656 1132 2731 primas
1149 2657 1350 2717 Britannicas.
1386 2659 1487 2728 Quare

306 2764 383 2821 inter
418 2781 451 2820 se
486 2781 533 2821 res
570 2765 645 2821 bene
681 2764 873 2820 conveniunt.
929 2763 1052 2822 Marcus
1084 2764 1162 2820 euim
1193 2763 1285 2838 paulo
1318 2767 1487 2838 antequam

307 2870 469 2945 epistulam
485 2870 512 2927 11
532 2869 580 2930 15.
605 2871 758 2936 scriberet,
784 2870 896 2944 primas
913 2870 1104 2927 Britannicas
1122 2873 1289 2944 acceperat,
1316 2889 1353 2928 ac
1377 2871 1488 2947 deinde

307 2976 459 3033 tabellarii
491 2995 518 3036 a.
536 2977 562 3033 d.
579 2975 627 3033 Χ1.
651 2975 717 3036 Κ31.
736 2975 816 3051 Sept.
849 2976 962 3034 alteras
994 2977 1194 3034 reddiderunt.
1248 2979 1349 3053 Atque
1380 2979 1486 3048 Quinti

306 3083 423 3140 familia
453 3083 580 3140 totidem
611 3082 768 3157 accepisse
803 3083 937 3140 videtur:
978 3083 1105 3160 alteras,
1142 3084 1173 3140 in
1208 3085 1320 3159 quibus
1357 3086 1393 3143 de
1427 3085 1487 3144 lilii

306 3189 499 3247 institutione
531 3189 620 3264 plura
651 3190 807 3246 infuerunt
836 3208 862 3246 3.
885 3190 972 3248 d.Xl.
986 3190 1051 3248 Kal.
1070 3191 1151 3266 Sept.
1183 3193 1222 3248 ab
1254 3192 1361 3249 iisdem
1384 3191 1484 3250 tabel-

306 3296 406 3365 lariis;
431 3297 555 3364 alteras,
580 3299 615 3354 ut
637 3297 758 3354 Marcus
786 3297 851 3371 ipse
883 3297 995 3366 scribit,
1023 3296 1334 3374 caementatum),
1368 3302 1398 3356 31
1428 3316 1487 3358 eas

307 3404 427 3477 quidem
443 3404 557 3479 primas
574 3403 774 3461 Britannicas
813 3404 920 3479 Itaque
937 3422 1015 3479 quae
1032 3407 1105 3462 sunt
1119 3405 1157 3461 Ill
1177 3405 1363 3470 1,17.-20.
1380 3405 1490 3480 capita

307 3527 374 3566 cum
398 3510 530 3584 epistula
552 3510 646 3568 1115.
671 3514 848 3584 congruunt.

396 3617 544 3686 Quoniam
558 3617 643 3674 baec
667 3618 703 3674 de
727 3617 787 3675 illis
812 3618 965 3693 capitibus
989 3636 1056 3676 cum
1080 3619 1214 3693 epistula
1236 3618 1332 3677 1115.
1354 3619 1486 3676 coniun-

305 3724 411 3798 gendis
443 3725 596 3782 sententia
627 3723 705 3782 satis
737 3724 857 3781 videtur
885 3726 1016 3799 probata
1047 3742 1125 3792 esse,
1159 3743 1248 3794 nuno,
1282 3744 1360 3801 quae
1385 3742 1421 3782 ex
1445 3744 1488 3783 ea

306 3848 337 3887 re
361 3830 534 3888 efficiantur
557 3831 737 3905 exponenda
759 3832 831 3889 mihi
855 3834 935 3890 sunt.

394 3937 438 3994 Ac
462 3937 590 4012 primum
606 3938 727 4013 quidem
751 3938 914 4013 epistulam
937 3938 964 3995 II
984 3938 1031 3997 15.
1049 3956 1075 3999 3.
1093 3939 1120 3998 d.
1136 3938 1185 3999 Χ1.
1202 3940 1268 3998 Κ31.
1286 3941 1485 4015 Septscrip-

305 4045 369 4101 tam
397 4061 465 4101 esse
488 4044 635 4102 videmus

396 4269 414 4338 ¹)
433 4268 711 4338 Kiessliug-Schooll,
729 4286 756 4340 p.
772 4269 812 4324 16.
