2970 4822
627 346 850 404 ..11-

148 525 305 594 venimus;
330 541 401 598 ergo
426 541 492 581 eam
509 523 661 582 Ciceronis
687 524 785 598 ipsius
810 542 903 582 manu
927 542 995 582 esse
1020 527 1151 594 constat,
1178 543 1328 600 quaeres

150 649 186 691 eo
211 632 416 700 confirmatur,
443 631 524 706 quod
542 631 657 699 Cicero,
682 649 750 688 cum
775 649 878 689 mense
895 632 1063 705 Septembri
1085 632 1116 689 in
1140 632 1220 690 villis
1245 635 1329 690 esset

151 739 253 813 ibique
275 739 400 813 primam
425 738 576 812 epistulae
599 740 715 812 partem
739 739 951 805 conscriberet,
977 756 1074 814 neque
1090 740 1225 814 corporis
1241 739 1327 797 vale-

151 845 256 903 tudine
279 847 333 902 aut
355 862 518 902 causarum
543 845 798 919 occupationibus
815 845 979 919 impeditus
1004 847 1077 903 erat.
1118 845 1268 921 Sequitur,
1294 849 1329 903 ut

133 971 232 1029 ‘quae
256 953 380 1011 suntin
405 971 428 1011 c.
449 953 497 1011 19.
522 970 590 1010 cum
614 953 711 1028 prima
734 953 868 1028 epistula
891 953 1011 1010 minime
1033 952 1227 1010 'conveniant

241 1061 463 1118 Gravissimum
487 1061 589 1116 autem
613 1060 670 1118 hoo
686 1060 806 1118 videtur
830 1077 899 1118 esse
923 1061 1148 1134 argumentum:
1178 1059 1329 1134 Scriptum

151 1167 228 1224 enim
252 1169 318 1225 est:
343 1164 415 1225 (inm
428 1167 501 1224 hanc
515 1165 575 1224 iam
590 1165 739 1238 epistrdmn
755 1166 960 1239 complicarem,
985 1165 1127 1224 tabelbarii
1142 1209 1148 1224 .
1166 1209 1172 1222 .
1190 1209 1196 1224 .
1214 1165 1248 1244 (c.
1268 1163 1328 1242 17).

151 1274 312 1348 Significat
334 1274 427 1348 igitur
448 1273 571 1331 Marcus
595 1273 802 1347 superioribus
835 1274 997 1348 epistulam
1029 1273 1128 1348 ipsam
1159 1273 1329 1330 confectam

150 1381 209 1439 sibi
238 1381 340 1440 visam
372 1399 441 1438 esse
472 1397 570 1454 neque
601 1398 635 1437 se
666 1380 832 1455 quidquam
865 1381 1088 1455 adscripturum
1119 1380 1231 1447 fuisse,
1269 1379 1329 1438 nisi

149 1487 302 1546 tabellarii
316 1487 482 1546 venissent.
511 1487 605 1562 Atqui
620 1488 652 1544 in
669 1487 821 1561 capitibus
838 1487 899 1555 20,
918 1487 978 1556 21.,
997 1488 1049 1545 22.
1074 1505 1141 1545 oum
1165 1487 1201 1543 de
1225 1487 1329 1545 multis

153 1594 222 1652 aliis
246 1595 435 1663 robustum
459 1594 496 1651 de
517 1593 708 1669 Hippodamo
732 1594 916 1668 gravissima
939 1595 1014 1651 haec
1038 1595 1154 1668 scripta
1175 1593 1328 1651 videmus:

154 1700 225 1758 Gnm
248 1699 373 1759 Romam
394 1718 430 1759 er
451 1698 591 1774 Arpinati
612 1700 795 1773 reveriissem,
819 1701 926 1759 dimam
948 1700 1020 1757 mibi
1041 1705 1089 1773 est,
1112 1699 1330 1773 Hippodamum

153 1807 191 1866 ari
214 1811 240 1866 te
256 1806 421 1881 profectam
442 1825 506 1866 esse.
553 1806 620 1866 Non
637 1825 757 1881 possam
778 1808 899 1866 scribere
920 1825 964 1865 me
985 1807 1122 1864 miratam
1151 1824 1213 1875 esse,
1247 1805 1329 1864 illam

153 1917 211 1972 tam
232 1913 424 1973 inhumaniter
444 1914 551 1987 fecisse,
582 1918 614 1972 nt
642 1914 701 1973 sine
731 1915 800 1974 meis
832 1914 934 1973 litteris
964 1914 1002 1972 ad
1033 1919 1058 1973 te
1082 1913 1331 1988 proficiscentem·

151 2021 223 2080 iilud
244 2022 336 2080 samio
358 2021 431 2080 miii
451 2022 596 2081 molestam
618 2021 708 2094 fnisse
730 2065 895 2080 ......
918 2021 1048 2080 Minucio
1071 2039 1114 2078 me
1136 2025 1162 2079 ei
1184 2018 1281 2079 Saleio
1304 2023 1331 2078 ei

150 2127 279 2188 Labeoni
299 2129 486 2188 reservabam.
531 2128 626 2187 Labeo
649 2132 699 2187 ani
725 2128 805 2187 tarde
825 2127 1027 2204 proficiscetur
1052 2131 1102 2186 ani
1126 2128 1173 2186 bic
1198 2127 1328 2185 manebit.

151 2235 353 2310 Hippodamas
375 2254 409 2296 ne
423 2254 492 2296 anm
506 2235 574 2311 qnid
587 2235 689 2297 veliem
704 2235 816 2310 quidem
831 2235 952 2309 ropacit.
990 2237 1126 2310 Apparet
1141 2234 1233 2309 igitur
1246 2234 1328 2291 Mar-

152 2361 219 2401 cum
241 2343 342 2418 ipsam
366 2342 528 2419 epistulam
552 2343 638 2411 1111,
673 2361 740 2401 eum
765 2344 893 2418 primum
925 2360 962 2400 ex
992 2343 1131 2417 Arpinati
1162 2341 1327 2409 reverterit,

150 2450 352 2526 Hippodamo,
379 2451 430 2526 qui
447 2450 486 2508 ad
503 2450 662 2508 Caesarem
679 2450 871 2525 proiecturus
888 2452 962 2518 erat,
980 2450 1052 2506 dare
1068 2449 1213 2506 voluisse.
1254 2448 1328 2517 Quis

151 2557 246 2630 igitur
267 2557 346 2615 hanc
369 2557 520 2631 epistulae
543 2560 660 2633 partem
684 2575 751 2615 cum
777 2558 874 2631 prima
889 2556 1063 2615 necessario
1088 2555 1328 2628 coniungendam

155 2681 224 2720 esse
246 2663 393 2737 negabit?
417 2663 514 2734 Quare
538 2664 639 2722 Cicero
664 2667 737 2738 post
752 2665 858 2721 verba:
882 2661 982 2721 Aribae
1004 2664 1066 2720 mai
1087 2660 1168 2719 vaide
1182 2660 1329 2733 incerinm,

153 2772 180 2828 et
202 2768 312 2843 qnando
336 2769 450 2829 comnia
471 2773 497 2829 et
520 2770 569 2845 qni
592 2770 715 2830 consules
738 2770 837 2843 fateri
860 2773 947 2828 essent
978 2768 1012 2847 (c.
1033 2767 1084 2845 16)
1116 2785 1236 2843 pergere
1268 2785 1328 2825 non

153 2879 289 2952 poterat:
313 2874 384 2935 Cam
405 2877 559 2938 banaiam
582 2877 730 2951 mmmmm
755 2876 953 2951 complicarem
977 2919 1042 2948 ...,
1074 2876 1126 2933 sed
1150 2875 1329 2950 priusquam

152 2984 353 3059 complicaret,
380 2985 483 3060 capita
499 2985 559 3054 20,
586 2985 646 3053 21,
673 2985 724 3042 22.
751 2984 893 3042 addenda
909 2986 1002 3041 erant.
1038 2983 1142 3058 Neque
1159 3000 1235 3040 casu
1251 2999 1329 3057 quo-

152 3090 232 3160 dam,
258 3093 293 3148 ut
315 3092 477 3149 memoriae
493 3092 678 3160 infirmitate,
705 3092 876 3149 Ciceronem
893 3109 930 3148 ea
946 3091 1073 3165 primum
1089 3088 1330 3164 praetermisisse

76 3267 80 3274 .
153 3202 184 3257 et
214 3198 331 3267 deinde,
363 3216 431 3256 cum
463 3199 565 3270 Quinti
596 3201 626 3257 et
657 3199 797 3257 Caesaris
830 3197 979 3271 epistulas
1002 3198 1080 3255 forte
1104 3214 1131 3254 a.
1148 3196 1174 3253 d.
1191 3195 1238 3253 XI.
1263 3195 1329 3252 Kal.

154 3305 235 3380 Sept.
260 3306 438 3381 accepisset,
463 3307 654 3364 recordatum
679 3324 748 3363 esse
773 3305 836 3363 veri
861 3304 958 3361 simile
983 3306 1038 3362 est.
1077 3303 1152 3359 Eum
1168 3303 1246 3359 enim
1261 3301 1329 3376 lap-

154 3428 222 3469 sum
245 3415 363 3487 postea,
389 3429 456 3470 curn
480 3413 673 3481 adscriberet,
699 3412 806 3487 paucis
825 3411 935 3468 saltem
950 3411 1051 3468 verbis
1069 3428 1137 3468 eum
1152 3412 1330 3467 notaturum

152 3519 250 3578 fuisse
274 3521 496 3594 exspectamus,
520 3522 555 3578 ut
577 3519 650 3577 iecit
672 3519 750 3587 1112,
770 3519 805 3576 3:
837 3516 950 3591 Appias
972 3517 1031 3575 sine
1054 3516 1109 3592 lepe
1133 3516 1245 3574 cariata
1267 3532 1330 3573 con·

152 3624 251 3696 firnmt
272 3644 300 3686 se
321 3625 443 3684 Lentulo
466 3629 562 3685 nosiro
584 3643 795 3699 successuram
825 3624 875 3699 qni
904 3623 1013 3698 qnidam
1043 3622 1182 3694 mirificas
1203 3622 1253 3681 ilio
1276 3621 1330 3694 die,

152 3732 249 3808 qnod
274 3751 394 3806 paene
418 3731 618 3806 praeterii
646 3732 706 3805 fnit
735 3732 766 3791 in
799 3729 963 3790 Gabiniam.
1013 3730 1095 3788 Nihil
1125 3731 1217 3802 igitur
1247 3729 1329 3786 aliud

152 3841 258 3908 restat,
291 3839 351 3898 nisi
373 3842 409 3898 ut
430 3841 536 3898 verba:
583 3837 658 3899 Gara
680 3837 836 3897 banaiam
863 3837 1012 3911 epistulam
1039 3836 1265 3910 complicarem.
1291 3879 1297 3892 .
1323 3879 1329 3892 .

152 3963 215 4006 non
237 3946 277 4005 ad
300 3946 467 4022 superiora,
493 3947 547 4004 sed
571 3946 611 4003 ad
634 3946 726 4004 aliam
752 3945 922 4019 epistulam,
949 3961 986 4002 ex
1002 3961 1065 4019 qua
1080 3944 1241 4017 desumpta
1257 3942 1342 4010 sint,-

153 4053 255 4112 referri
278 4054 456 4112 iudicemus

242 4162 400 4220 Postremo
424 4163 459 4218 ut
482 4160 634 4218 sententia
656 4162 766 4218 nostra
791 4161 945 4233 probetur,
979 4158 1106 4216 afferam
1130 4158 1213 4214 haec.
1259 4155 1331 4213 Pro-

152 4269 275 4327 iicisoor
298 4287 317 4326 a
339 4267 457 4327 verbis:
490 4265 562 4326 Onm
591 4266 768 4340 scripsissem
797 4266 865 4325 baec
886 4264 995 4338 infima,
1124 4263 1199 4322 venii
1220 4261 1259 4320 ad
1278 4278 1330 4320 nos

206 4376 320 4434 Kapolle.
1135 4365 1152 4418 2
