2970 4822
641 342 842 400 ,5.-

147 522 253 579 locum
277 520 371 590 illum',
405 537 465 596 quo
490 520 621 590 Quintus
645 523 676 578 et
700 520 813 578 Caesar
845 520 999 595 congressi
1027 524 1108 588 sunt,
1141 538 1235 596 prope
1257 520 1329 578 Pla·

155 627 286 686 centiam
310 644 451 702 quaerere
475 626 596 685 minime
620 629 779 701 opusest.

181 736 183 741 '
243 734 346 810 Neque
369 733 467 791 altera
490 733 658 792 difficultas
683 733 807 791 sublata
830 735 886 791 est.
933 733 965 791 Si
989 733 1066 791 enim
1090 734 1140 791 ille
1163 734 1250 792 locus
1274 735 1330 792 ob·

156 858 263 899 saurus
286 840 317 898 in
340 841 441 898 Callia
465 839 616 915 cisalpina
639 841 718 898 situs
743 842 817 909 erat,
843 840 1013 897 mirandum
1037 844 1103 909 est,¹
1120 841 1201 916 quod
1218 841 1331 899 Caesar

155 965 256 1006 mense
271 947 353 1005 Maio
377 948 512 1005 nondum
537 947 618 1021 apud
643 947 816 1015 exercitum,
842 947 897 1004 sed
920 947 951 1004 in
967 946 1058 1004 ltalia
1081 948 1236 1023 superiore
1259 948 1327 1017 fuit,

155 1055 264 1130 quique
288 1055 325 1112 de
349 1072 442 1125 aare
466 1053 661 1128 scripserunt,
687 1056 723 1110 ut
738 1052 875 1129 Napoleo
885 1050 907 1130 1)
932 1056 963 1113 et
985 1051 1119 1131 Bergk&
1143 1055 1208 1113 iure
1232 1055 1330 1112 olien-

42 1155 48 1159 ’
153 1162 311 1230 debentur,
337 1164 376 1220 nt
399 1161 477 1218 alter
500 1160 627 1218 alteram
652 1160 883 1234 explicationem
906 1161 1065 1236 prolerret;
1097 1162 1220 1237 putavit
1250 1162 1329 1219 enim

151 1269 250 1343 Bergk
274 1268 418 1336 Ciceroni,
444 1285 513 1325 cum
537 1286 574 1326 ex
599 1267 734 1325 Cumano
757 1267 883 1325 Romam
907 1268 1092 1336 revertisset,
1122 1268 1239 1326 litteras
1264 1267 1328 1345 (Qu.

150 1376 227 1433 fall
247 1373 341 1451 13,1)
365 1375 501 1432 redditas
526 1392 594 1432 esse
618 1392 645 1432 a.
670 1374 696 1432 d.
714 1374 766 1431 VH
789 1377 820 1432 et
842 1374 890 1432 VI.
927 1374 968 1432 ld.
984 1374 1083 1432 Maias
1108 1376 1179 1432 anni
1202 1375 1326 1444 Juliani,

153 1482 375 1556 Caesaremque
405 1481 499 1558 Alpes
530 1498 694 1555 superasse
724 1481 799 1555 prid.
830 1480 871 1538 ld.
902 1480 971 1539 Mai.
1003 1481 1052 1538 vel
1083 1483 1190 1556 paucis
1222 1482 1329 1540 diebus

155 1590 234 1646 ante.
278 1588 338 1646 Sed
354 1588 426 1662 ipse
450 1605 509 1663 quo
533 1586 601 1646 loco
624 1606 674 1645 res
698 1606 718 1644 a
734 1587 864 1646 Caesare
888 1591 959 1645 ante
982 1587 1094 1645 bellum
1121 1588 1328 1645 Britannicum

155 1696 261 1768 gestas
276 1695 422 1769 temporis
445 1693 563 1752 ratione
578 1695 721 1768 disponit,
747 1695 779 1751 in
799 1695 959 1768 angustias
980 1691 1175 1771 adducitur,³)
1193 1697 1328 1769 practer-

157 1818 249 1876 quam
273 1801 355 1876 quod
379 1800 538 1859 Caesarem
569 1804 640 1859 ante
664 1801 748 1858 illum
772 1802 844 1858 anni
867 1801 978 1859 Iuliani
1001 1801 1088 1869 diem,
1123 1801 1175 1877 qui
1197 1801 1257 1858 luit
1279 1801 1328 1860 XI.

154 1907 239 1977 lunii,
266 1907 297 1964 in
319 1909 441 1981 portum
457 1907 547 1966 Itium
569 1908 692 1967 venisse
716 1909 795 1965 infra
811 1907 849 1983 (p.
866 1907 1008 1984 41-42)
1025 1909 1204 1967 videbimus.
1235 1909 1328 1966 Prae-

153 2016 237 2072 terea
260 2014 401 2073 Caesaris
432 2015 608 2073 interfuisse
631 2016 696 2074 veri
727 2016 825 2074 simile
857 2018 904 2074 est
933 2034 1023 2092 quam
1047 2017 1176 2090 primum
1207 2016 1238 2072 in
1261 2016 1328 2073 Bri-

151 2121 289 2179 tanniam
311 2121 447 2179 traicere.
487 2122 519 2178 Si
544 2124 646 2179 autem
671 2123 735 2180 eius
760 2125 791 2180 et
806 2123 909 2191 Quinti
932 2122 1051 2180 litterae
1075 2126 1208 2180 extremo
1226 2141 1328 2181 mense

152 2228 233 2285 Maio
259 2247 275 2286 e
299 2227 451 2304 cisalpina
467 2230 558 2286 datae
583 2233 664 2297 sunt,
692 2230 804 2287 Caesar
819 2230 942 2287 ineunte
957 2230 1044 2288 lunio
1059 2230 1091 2286 in
1106 2229 1327 2305 transalpinam

152 2335 302 2412 pervenit;
335 2337 538 2395 conventibus
570 2336 662 2410 igitur
690 2336 822 2405 Gallicis,
857 2337 964 2394 itinere
996 2337 1125 2412 Illyrico,
1156 2337 1256 2394 reditu
1289 2337 1328 2394 ad

154 2443 318 2499 exercitum
349 2440 428 2518 (bell.
444 2460 472 2517 g.
490 2443 548 2500 Vl
576 2446 607 2502 et
630 2442 661 2520 2)
690 2444 787 2503 altera
818 2443 909 2500 huius
941 2445 1012 2500 anni
1043 2461 1115 2519 pars
1147 2447 1328 2519 consumpta

153 2547 214 2606 iam
239 2551 311 2616 erat;
335 2550 442 2607 deinde
466 2550 568 2607 omnia
583 2550 711 2608 hiberna
733 2551 882 2608 circumiit
905 2550 939 2628 (c.
958 2551 976 2606 2
994 2553 1025 2608 et
1041 2550 1080 2626 3),
1108 2568 1175 2607 cum
1191 2550 1232 2607 IV
1254 2550 1328 2623 legi-

155 2655 265 2713 onibus
297 2656 444 2730 expeditis
475 2657 514 2714 ad
546 2657 694 2716 Treveros
727 2656 871 2715 discessit
895 2657 929 2733 (c.
952 2655 991 2733 3),
1025 2658 1055 2713 in
1085 2660 1207 2731 portum
1237 2656 1327 2713 Itium

155 2762 295 2820 omnibus
319 2763 414 2838 copiis
439 2764 555 2821 coactis
579 2765 715 2832 revertit;
748 2764 844 2840 atqui,
874 2767 909 2821 ut
933 2763 1166 2839 suprascripsi,
1193 2765 1328 2820 extremo
1401 2815 1402 2818 ,

153 2886 256 2926 mense
271 2869 358 2927 Iunio
382 2871 425 2927 ibi
442 2889 510 2927 eum
525 2871 586 2927 iam
602 2871 700 2928 inisse
716 2873 845 2946 probare
869 2871 950 2940 licet;
976 2889 1046 2945 ergo
1070 2871 1140 2928 illae
1156 2888 1204 2928 res
1222 2888 1326 2929 omnes

152 2975 275 3034 minimo
298 2977 444 3051 temporis
474 2978 576 3051 spatio
601 2978 825 3036 contrahendae
850 2981 929 3036 sunt.
976 2978 1081 3054 Neque
1104 2978 1222 3035 tollitur
1246 2977 1327 3035 difli-

152 3082 262 3151 cultas,
297 3084 324 3141 si
348 3101 468 3141 menses
492 3085 563 3141 anni
586 3084 657 3143 LIV.
683 3085 720 3141 ad
745 3085 880 3143 Iulianos
904 3086 1005 3143 fastos
1030 3085 1201 3159 redigimus,
1226 3085 1271 3142 ita
1293 3087 1329 3141 ut

152 3189 265 3246 mensis
288 3190 394 3248 Iunius
418 3208 486 3248 cum
509 3191 590 3249 Maio
614 3192 676 3248 fere
701 3192 772 3249 anni
796 3191 911 3249 iuliani
935 3187 1132 3267 conveniat-r)

241 3297 343 3354 Tertia
378 3297 507 3372 denique
538 3298 716 3366 difficultas,
754 3316 845 3373 quarn
880 3299 1013 3354 nondum
1049 3298 1329 3355 animadverterunt

152 3403 209 3460 viri
233 3403 429 3471 docti,'haec
453 3407 508 3462 est.
543 3405 632 3478 Apud
656 3404 816 3462 Caesarem
840 3405 927 3471 enim,
953 3422 1020 3461 cum
1045 3404 1174 3473 Quintus
1199 3422 1265 3461 cum
1290 3422 1326 3461 eo

152 3526 336 3582 congressus
367 3513 423 3577 est,
460 3511 621 3569 Trebatius
657 3511 844 3587 aliorumque
874 3512 1018 3569 iuvenum
1053 3511 1215 3569 multitudo
1251 3513 1324 3578 erat,

152 3616 226 3691 qnia
260 3617 407 3693 scriptum
442 3620 501 3675 est:
541 3617 704 3676 Trebatium
738 3618 813 3692 qaod
846 3618 884 3676 ad
917 3636 945 3676 se
978 3618 1113 3687 miserim,
1145 3616 1272 3691 persalse
1302 3620 1327 3674 et

150 3722 311 3781 humaniter
334 3723 420 3782 etiarn
442 3723 553 3798 pretias
575 3724 647 3783 mibi
669 3725 738 3800 apii.
777 3725 870 3800 Nepai
893 3725 968 3783 eaira
986 3725 1023 3782 ia
1046 3727 1127 3782 taeta
1148 3723 1328 3782 maltitadiae

241 3914 260 3982 1)
279 3913 397 3969 histoire
416 3915 451 3969 de
469 3914 548 3968 Jules
568 3914 659 3981 Cesar,
681 3914 758 3981 1866,
777 3932 804 3985 p.
820 3914 878 3981 199,
898 3915 996 3969 adnot.
1009 3914 1035 3969 2.

240 4002 259 4072 1)
279 4003 377 4058 Jahrb.
397 4002 416 4059 f.
436 4003 473 4058 kl.
492 4004 651 4074 Philolcgie
669 4021 697 4060 v.
715 4004 888 4069 Fleckeisen,
908 4003 998 4074 suppl.
1019 4003 1060 4058 13.

241 4093 252 4126 8

240 4092 260 4250 4)
278 4091 436 4252 pHoiicipiol,
465 4181 547 4237 Rom.
566 4181 755 4253 Cbrcnclogie
773 4199 800 4253 p.
814 4182 880 4249 222;
910 4182 990 4238 Caes.
1009 4183 1073 4237 bell.
1092 4199 1119 4252 g.
1146 4182 1189 4237 ed.
1208 4182 1324 4246 Kraner,

150 4269 273 4325 Berolini
292 4269 396 4335 1890.¹⁵
413 4287 440 4342 p.
456 4270 515 4336 192,
535 4271 631 4325 adnot.
648 4273 678 4338 l;
698 4288 725 4342 p.
740 4271 793 4326 209
813 4272 909 4327 adnot.
922 4271 949 4326 2.
