2970 4822
661 338 882 397 ..50-

185 518 290 577 elucet.
335 517 436 592 Atque
460 516 529 574 illae
557 517 676 575 litterae
701 517 835 575 Gallicae
868 519 948 576 certe
980 521 1113 576 extremo
1144 534 1247 575 mense
1271 517 1360 576 lunio

185 626 256 682 ante
288 623 370 681 illam
402 623 570 681 litterarum
601 624 854 683 intermissionem
886 622 932 700 (oi.
957 624 1099 701 41-42)
1137 624 1226 682 datae
1262 627 1358 693 erant,

184 733 349 808 postquam
366 731 504 801 Quintus,
531 748 569 788 ex
592 749 653 806 quc
677 734 813 807 tempore
836 749 983 789 unacum
999 731 1140 789 Trebatio
1158 734 1230 799 erat,
1256 731 1360 806 plures

185 838 295 912 spatiis
319 838 500 913 quibusdam
524 837 712 912 interpositis
737 838 855 895 litteras
877 838 915 895 ad
931 838 1054 896 fratrem
1070 838 1161 895 misit.
1198 837 1359 895 Trebatius

184 945 262 1002 enim
293 947 385 1002 antea
407 945 546 1002 Caesaris
577 944 766 1002 tribunatum
798 929 1016 1021 repudiaverat
1039 962 1136 1020 neque
1165 962 1184 1001 a
1212 944 1359 1019 principio

183 1054 275 1110 rebus
309 1051 424 1109 bellicis
461 1050 630 1108 delectatus
666 1054 739 1109 erat.
799 1051 871 1109 Cum
910 1054 1013 1109 autem
1048 1051 1079 1109 in
1114 1054 1235 1128 portum
1268 1051 1359 1109 ltium

184 1159 320 1216 venisset
343 1160 373 1215 et
396 1158 602 1230 navigationis
627 1160 657 1215 et
680 1157 749 1215 belli
773 1158 939 1216 Britannici
969 1158 1103 1233 pericula
1131 1158 1290 1226 sensisset,
1325 1163 1361 1215 ut

183 1265 214 1322 in
248 1264 422 1323 hominibus
457 1265 530 1321 urbe
565 1265 799 1340 urbanitateque
838 1265 976 1323 adsuetis
1014 1265 1080 1323 fieri
1119 1265 1211 1332 solet,
1251 1265 1360 1323 timore

185 1371 317 1446 quodam
341 1373 450 1445 captus
472 1405 517 1414 —
538 1371 638 1429 Cicero
656 1372 691 1429 de
707 1373 765 1429 hoc
781 1374 892 1446 postea
914 1372 1034 1430 iocatus
1051 1375 1099 1430 est
1121 1369 1185 1449 (VH
1204 1371 1253 1440 10,
1266 1369 1296 1447 2)
1314 1405 1359 1414 —

185 1477 345 1535 consilium
361 1478 477 1535 itineris
493 1478 523 1534 in
540 1478 730 1536 Britanniam
753 1478 885 1536 faciendi
909 1479 1030 1537 omniuo
1055 1479 1205 1537 abiecisse
1228 1479 1357 1536 videtur.

183 1585 230 1642 lta
253 1586 327 1642 bene
350 1584 542 1658 intellegitur,
575 1603 627 1642 our
657 1586 846 1643 tribunatum
877 1586 1011 1643 reiecerit
1042 1588 1072 1642 et
1103 1585 1221 1643 litteras
1251 1585 1357 1643 deinde

184 1692 223 1749 ad
246 1694 409 1766 patronum
433 1709 522 1749 suum
547 1692 618 1749 dare
643 1693 887 1767 praetermiserit.

272 1799 304 1855 si
327 1799 419 1872 igitur
435 1799 608 1857 Trebatium
632 1799 662 1856 in
678 1799 779 1856 Gallia
801 1817 1009 1857 remansurum
1033 1817 1101 1857 esse
1129 1803 1201 1874 post
1227 1797 1357 1856 medium

184 1906 303 1962 demum
337 1923 470 1962 mensem
504 1905 636 1973 lunium,
673 1906 703 1961 id
739 1907 820 1981 quod
850 1907 915 1965 veri
950 1906 1047 1964 simile
1085 1909 1146 1975 est,
1184 1908 1355 1974 constabat,

185 2010 287 2068 Cicero
318 2011 376 2067 lice
407 2011 525 2068 sciebat
555 2028 658 2069 mense
689 2012 757 2087 ipso
790 2013 921 2083 Quintili.
973 2013 1125 2089 Sequitur,
1158 2015 1194 2070 ut
1224 2012 1359 2088 epistula

184 2119 212 2177 Ἰ.
236 2118 294 2174 hcc
316 2121 451 2190 tempore
475 2118 513 2175 ab
538 2136 574 2175 ec
603 2119 676 2176 data
700 2119 748 2176 sit.
793 2119 861 2177 Non
893 2120 1023 2178 creditur
1055 2138 1121 2178 eam
1152 2122 1225 2195 post
1255 2120 1358 2190 Quinti

184 2224 346 2298 epistulam
370 2224 462 2282 1114.
486 2225 612 2282 missam
643 2243 721 2294 esse,
754 2227 911 2302 quoniam,
945 2245 1005 2302 quo
1038 2229 1172 2302 tempore
1203 2226 1290 2283 illum
1321 2226 1357 2284 de

182 2330 325 2388 familiari
348 2334 508 2405 acceperat
529 2333 678 2402 nuntium,
709 2333 872 2408 epistulam
897 2334 924 2391 7.
949 2334 1080 2392 adeum
1104 2335 1184 2391 recte
1207 2333 1357 2409 perlatum

182 2437 218 2494 iri
242 2455 364 2512 sperare
388 2439 414 2494 ei
438 2438 561 2508 licebat;
586 2443 695 2514 postea
717 2441 864 2499 incertum
889 2443 962 2508 erat,
996 2441 1070 2515 quia
1097 2440 1269 2498 Trebatium
1303 2442 1358 2496 aut

182 2544 281 2603 locum
306 2548 493 2603 mutaturum
517 2549 572 2604 ant
595 2547 721 2604 Romam
745 2548 805 2604 iam
829 2547 995 2604 rediturum
1026 2564 1094 2605 esse
1123 2547 1150 2604 ei
1173 2547 1356 2621 sperandum

183 2655 257 2710 erat.
307 2653 450 2710 Fortasse
485 2651 605 2713 litteras
638 2654 666 2712 7.
697 2672 759 2711 una
796 2672 864 2711 cum
896 2654 999 2724 Quinti
1034 2654 1167 2728 epistula
1197 2653 1292 2712 1114.
1325 2653 1358 2709 in

183 2762 304 2833 portum
328 2759 417 2816 ltium
441 2761 533 2829 misit,
564 2764 599 2818 ut
622 2761 725 2830 Quinti
758 2761 892 2836 epistula
923 2761 992 2817 inde
1020 2761 1051 2818 in
1074 2760 1264 2818 Britanniam
1288 2777 1356 2834 per-

180 2865 317 2933 ferretur,
343 2868 374 2923 et
396 2866 547 2935 Trebatio,
581 2867 608 2924 si
639 2868 705 2942 ipse
734 2885 770 2926 eo
794 2868 862 2925 loco
887 2870 978 2936 esset,
1012 2885 1071 2925 sua
1093 2868 1275 2936 redderetur,
1302 2868 1359 2924 aut

182 2972 222 3028 ad
246 2989 322 3039 eum,
348 2973 375 3029 si
399 2973 595 3030 discessisset
626 2974 657 3030 in
688 2974 782 3031 alium
806 2974 946 3046 Belgicae
969 2974 1077 3042 locum,
1112 2991 1148 3033 eo
1179 2974 1356 3031 mitteretur.

181 3076 239 3134 Per
262 3078 340 3136 duos
363 3097 484 3136 menses
509 3079 688 3149 Ciceronem,
722 3080 774 3137 ubi
804 3080 962 3138 familiaris
988 3084 1079 3149 esset,
1114 3081 1236 3138 omnino
1268 3081 1357 3154 igno·

180 3202 276 3257 rasse,
300 3187 439 3262 proxima
462 3186 595 3263 epistula
619 3188 647 3245 9.
672 3188 892 3262 cognoscimus.

269 3295 324 3354 His
349 3294 509 3370 explicatis
540 3293 701 3369 epistulam
727 3296 755 3353 7.
779 3296 851 3369 post
875 3294 903 3351 8.
928 3312 1031 3352 mense
1054 3293 1188 3365 Quintili,
1219 3293 1357 3351 fortasse

181 3407 315 3462 extremo
346 3420 408 3460 una
439 3420 506 3459 cnm
531 3401 632 3471 Quinti
664 3401 797 3476 epistula
821 3401 912 3459 1114.
937 3419 957 3459 a
980 3401 1120 3459 Cicerone
1151 3400 1255 3458 datam
1287 3417 1356 3457 esse

183 3510 320 3586 equidem
344 3513 427 3584 puto,

478 3749 482 3755 ’
517 3792 562 3870 n.
591 3791 648 3871 ne
677 3788 860 3888 epistula
887 3789 1007 3870 vno.

270 3939 335 4009 Quo
359 3941 493 4012 tempore
518 3935 650 4012 epistula
674 3936 702 3993 9.
728 3936 767 3992 ad
790 3935 964 3993 Trebatium
988 3935 1062 3992 data
1086 3934 1134 4003 sit,
1164 3937 1200 3991 ut
1223 3950 1357 4008 cognos-

177 4063 296 4114 camus,
328 4046 404 4103 haec
427 4045 521 4103 verba
543 4043 734 4119 inspicienda
762 4051 846 4100 sunt:
878 4040 944 4100 Iam
973 4041 1024 4099 dia
1053 4041 1154 4115 imore
1176 4039 1244 4116 qaid
1273 4057 1359 4115 apes·

175 4152 253 4212 amit
282 4151 355 4212 mim
385 4150 486 4212 scribis
514 4168 599 4225 neque
629 4167 676 4225 epo
699 4149 737 4208 ad
759 4152 785 4206 te
806 4148 851 4207 ms
878 4149 984 4208 duobus
1010 4147 1149 4206 mensibus
1175 4147 1357 4221 scripseram.

182 4259 264 4338 Quod
286 4277 348 4318 erm
370 4261 465 4333 fratrc
493 4276 549 4318 moe
571 4275 643 4331 erac,
674 4275 728 4333 quo
755 4255 894 4314 mitterem
923 4259 974 4314 aut
997 4256 1043 4313 cm
1065 4255 1172 4328 durem,
1201 4252 1359 4313 nmeiebum
