2970 4822
655 340 878 399 -52.-

180 521 354 580 Trebatium
385 520 519 595 epistula
542 520 571 577 9.
602 519 750 593 rescripta
781 520 853 576 sunt
884 520 915 575 θῖ
945 535 982 575 ea
1013 517 1133 591 quidem
1164 514 1355 574 brevissimis

106 602 109 607 ‚
181 628 348 687 sententiis.
387 626 453 686 Tui
474 626 563 685 deesse
576 625 651 700 uolt·
672 624 762 684 scmus
778 624 878 698 polim
892 623 931 683 ud
944 639 1004 696 uos,
1028 622 1095 681 dum
1112 621 1235 697 pbuior.
1272 619 1356 697 thod

179 735 232 794 buc
252 750 394 812 properes,
417 733 491 794 uibil
512 736 560 803 cat,
579 731 752 806 pracsertim
766 731 893 790 Battum
915 733 1036 790 mortuo.
1059 727 1115 789 seu
1130 729 1183 788 lui
1205 727 1356 787 consilium
1386 763 1389 769 -

178 858 235 901 uec
257 841 344 916 dcest;
372 840 440 918 quid
470 834 663 912 θοθεῖῖῖαθνῖε,ἶ
687 838 768 913 cupio
791 838 864 897 scire
888 838 922 916 (θ.
939 836 979 916 2).
1025 837 1168 906 Eundem,
1202 853 1291 912 quem
1323 837 1355 894 in

180 949 314 1024 epistula
336 948 377 1006 Ill
392 948 418 1006 1.
451 947 490 1005 ad
521 947 644 1005 fratrem
676 946 750 1004 data
780 946 936 1014 novimus,
969 937 1102 1003 animum
1133 943 1354 1017 indignationis

180 1055 311 1130 plenum,
344 1054 448 1114 officio
473 1056 584 1122 autem,
610 1054 692 1128 quod
716 1053 743 1111 ei
766 1053 825 1110 fuit
848 1053 879 1109 in
901 1052 1089 1120 familiarem,
1122 1051 1355 1108 moderatiorem

178 1161 268 1225 facile
291 1161 449 1220 sentimus.
488 1161 555 1218 lure
577 1161 669 1234 igitur
692 1159 831 1218 concludi
847 1176 940 1234 posse
964 1159 1062 1227 credo,
1088 1159 1167 1215 hano
1190 1156 1354 1231 epistulam

180 1287 199 1327 a
224 1269 365 1326 Cicerone
390 1268 533 1342 scriptam
557 1284 635 1336 θεεθ,
668 1269 833 1342 postquam
856 1266 959 1324 fratris
982 1266 1037 1322 illa
1060 1264 1193 1341 epistula
1220 1264 1355 1322 maxima

181 1373 232 1451 (ΙΙΙ
247 1374 274 1443 1,
286 1373 316 1450 8(
340 1374 459 1441 reddita
482 1378 537 1433 est.
751 1437 753 1442 ,

198 1512 200 1516 ·
268 1480 315 1539 Ad
338 1482 396 1539 hoc
420 1484 630 1556 argumentum
661 1481 789 1539 alterum
821 1481 993 1555 adiungam.
1039 1479 1114 1538 Utor
1137 1479 1215 1537 enim
1238 1479 1353 1537 verbis:

181 1586 272 1661 Cupio
295 1588 376 1661 scire,
406 1587 474 1663 quid
500 1605 568 1663 apua
598 1591 623 1646 et
653 1587 702 1646 ubi
730 1586 770 1646 m's
799 1587 987 1660 hiematum·
1017 1586 1142 1662 equidem
1171 1585 1256 1644 uelim
1291 1603 1354 1644 cum

180 1692 308 1767 Occsurc,
338 1695 385 1753 aul
415 1695 453 1753 ud
482 1712 544 1754 cum
559 1697 683 1768 propter
705 1693 764 1753 cius
785 1686 925 1778 (lucium)
947 1693 1021 1753 ullu
1042 1711 1105 1752 sum
1126 1710 1212 1752 uuum
1234 1693 1356 1751 scribere

180 1799 272 1879 (9,1(.
318 1803 396 1860 Post
417 1803 543 1861 verbum
566 1801 625 1860 eim
652 1802 683 1858 in
715 1801 870 1860 codicibus
893 1801 1005 1858 lacuna
1028 1802 1084 1869 θεῖ,
1118 1818 1197 1876 quae
1221 1801 1259 1858 ab
1284 1799 1354 1858 aliis

179 1909 272 1964 verbo
297 1907 513 1980 occupationem,
544 1910 583 1966 ab
608 1908 676 1965 aliis
700 1926 773 1966 vero
797 1906 903 1966 lucium
926 1908 1048 1981 expleta
1071 1909 1126 1966 est.
1172 1906 1277 1982 Neque
1301 1906 1355 1965 illa

180 2013 352 2071 emendatio
382 2015 543 2087 propterea
574 2015 733 2088 probanda
763 2016 819 2081 est,
853 2016 925 2089 quia
949 2015 1121 2072 Ciceronem
1151 2031 1212 2072 non
1243 2031 1353 2071 ausum

180 2138 248 2178 esse
273 2120 403 2179 scribere
419 2121 458 2178 ad
475 2120 634 2178 Caesarem
644 2123 766 2194 proptu
780 2121 840 2179 cius
855 2121 1064 2194 occupationem
1083 2121 1168 2179 nullo
1184 2120 1353 2178 litterarum

178 2226 246 2284 loco
271 2227 494 2300 cognoscimus.
529 2227 644 2285 Deinde
667 2229 808 2286 lacunam
825 2229 855 2285 in
871 2229 974 2286 codice
990 2228 1014 2285 T
1030 2246 1098 2286 esse
1115 2245 1170 2286 sex
1184 2227 1353 2285 litterarum

180 2332 294 2408 Tyrrell
328 2336 359 2391 et
392 2334 502 2392 Purser
532 2338 673 2392 auctores
705 2337 777 2393 sunt
808 2329 880 2416 (vol.
905 2335 931 2392 ll
963 2353 990 2411 p.
1010 2333 1093 2412 137).
1138 2335 1298 2392 Postremo
1321 2335 1353 2392 in

180 2439 314 2513 epistula
351 2458 430 2514 quae
471 2444 519 2499 est
564 2442 618 2512 Qu.
648 2441 683 2501 ir.
714 2442 793 2500 llll.
824 2443 900 2500 haec
943 2443 1059 2518 scripta
1096 2442 1248 2500 videmus:
1303 2440 1355 2498 Em

178 2544 337 2605 Bm'tuuuiu
383 2546 489 2606 Oucsur
533 2547 571 2605 ud
615 2566 658 2606 ucc
695 2547 764 2607 Καὶ.
794 2546 868 2622 Sept.
914 2549 991 2607 dedit
1036 2548 1153 2617 litteras,
1200 2564 1269 2624 quoa
1306 2565 1355 2622 epo

178 2652 275 2726 accepi
296 2672 323 2712 u.
340 2653 366 2712 ul.
382 2653 435 2712 IV.
452 2653 521 2713 Kal.
540 2652 599 2712 ou.
624 2699 631 2711 .
655 2698 662 2712 .
687 2698 694 2712 .
718 2699 725 2713 .
750 2699 757 2713 .
792 2654 839 2713 Aul
861 2673 907 2714 cua
929 2673 977 2731 epo
1007 2656 1034 2714 ci
1064 2655 1174 2714 litteras
1201 2653 1275 2713 ullu
1296 2672 1354 2713 rca-

178 2758 283 2832 acm'psu'
304 2777 338 2819 uc
352 2760 518 2835 protuluudi
540 2760 650 2837 quidum
673 2779 759 2821 cuusu
775 2765 899 2836 propter
925 2762 985 2821 eiua
1008 2762 1111 2821 luctum
1136 2761 1170 2839 (θ.
1188 2761 1250 2839 25).
1296 2762 1353 2819 Hic

179 2865 272 2940 igitur
294 2867 442 2926 habemus
467 2868 682 2942 significatum,
715 2887 768 2927 our
792 2869 892 2927 Cicero
920 2887 981 2927 non
1006 2887 1102 2928 ausus
1126 2869 1168 2927 sit
1189 2869 1354 2927 rescribere

180 2971 218 3028 ad
243 2973 412 3032 Caesarem.
458 2975 564 3048 ltaque
593 2975 763 3032 emendatio
782 2979 904 3049 propter
925 2975 984 3035 cim
1007 2975 1111 3035 luctum
1133 2977 1166 3034 in
1189 2975 1354 3051 epistulam

181 3095 260 3152 quae
285 3080 333 3136 est
355 3079 427 3138 iam.
443 3079 535 3138 vlla.
568 3080 632 3138 iure
656 3084 777 3156 recepta
801 3085 856 3141 est.
903 3084 948 3140 Ex
975 3100 1011 3141 eo
1043 3084 1181 3152 efficitur,
1214 3085 1250 3140 ut
1273 3082 1353 3140 duos

180 3183 237 3242 hos
260 3184 345 3243 locos
370 3187 475 3244 eodem
497 3187 559 3245 iere
581 3190 716 3262 tempore
740 3190 870 3264 scriptos
896 3208 964 3248 θεεθ
988 3208 1175 3249 censeamus.

268 3293 407 3367 Epistula
429 3293 521 3369 igitur
537 3296 576 3352 ad
592 3295 766 3354 Trebatium
783 3296 857 3354 data
871 3297 926 3354 Vll
939 3298 967 3356 9.
991 3315 1054 3355 una
1070 3314 1138 3355 cum
1154 3295 1256 3368 Quinti
1273 3295 1314 3353 ΠΙ
1326 3295 1353 3354 1.

181 3402 313 3458 extremo
345 3418 447 3458 mense
471 3401 638 3476 Septembri
666 3404 786 3461 videtur
817 3404 914 3462 missa
946 3422 1022 3472 esse,
1056 3421 1092 3461 ac
1123 3404 1150 3462 si
1180 3402 1249 3460 inde
1273 3403 1354 3461 duos

180 3522 310 3574 menses
346 3507 456 3581 quibus
486 3507 605 3566 litteras
630 3527 662 3567 se
690 3527 750 3568 non
774 3510 895 3568 dedisse
920 3511 1020 3569 Cicero
1045 3511 1151 3569 scribit
1174 3508 1267 3586 (9,1(,
1301 3510 1354 3567 de-

181 3611 329 3682 ducimus,
355 3614 394 3670 ad
418 3616 582 3672 extremum
599 3617 769 3687 Quintilem,
796 3635 857 3693 quo
882 3618 1020 3692 superior
1036 3617 1087 3695 <lv
1100 3615 1130 3695 7)
1154 3617 1269 3693 scripta
1292 3618 1352 3685 est,

180 3719 381 3792 pervenimus.
427 3721 488 3779 Res
510 3721 603 3796 igitur
626 3739 730 3780 omnes
753 3724 829 3781 bene
853 3725 1014 3783 convenire
1037 3724 1186 3782 videntur.

512 3986 554 4066 u.
581 3933 639 4066 ne
668 3986 853 4085 epistula
880 3987 952 4067 v11
965 3989 1021 4069 17.

268 4127 385 4200 Restat,
411 4132 447 4190 ut
468 4130 658 4204 investigem,
684 4133 806 4208 quaudo
830 4133 968 4209 proxima
991 4133 1123 4207 epistula
1137 4091 1255 4196 vsslvss
1279 4134 1358 4194 data

191 4229 230 4293 tt
273 4235 476 4313 Animumque
499 4239 655 4298 vertamus
684 4239 724 4296 ad
747 4239 844 4313 prima
867 4240 933 4298 eius
957 4242 1064 4298 verba:
1095 4239 1146 4297 Ex
1168 4238 1226 4298 tuis
1249 4239 1357 4302 litteris
