2984 4830
637 344 851 402 ,36-

249 525 356 581 Patere
387 524 479 597 Igitur
508 525 584 598 puto
608 523 742 580 Marcum
773 523 869 597 primo
902 539 1004 578 mense
1028 521 1148 579 Octobri
1179 521 1216 578 de
1247 521 1339 578 rebus

160 631 314 689 mittendis
339 650 358 688 a
381 631 472 688 fratre
497 630 654 687 certiorem
676 630 792 687 factum
817 647 895 687 esse.

248 738 362 795 Deinde
387 737 639 795 considerandum
664 738 712 794 est
736 754 773 793 ex
798 736 865 794 Kal.
886 736 978 810 Sept,
1004 736 1115 810 quibus
1132 735 1246 792 Caesar
1267 735 1338 793 illas

161 863 235 902 suas
265 845 383 903 litteras
416 845 499 902 dedit
530 861 628 918 usque
661 844 698 900 ad
724 862 750 901 a.
768 843 795 901 d.
811 843 846 901 V.
863 843 904 902 Id.
922 843 993 906 Oct..
1023 859 1083 917 quo
1108 842 1229 899 Marcus
1251 842 1340 901 fratri

160 953 298 1027 scripsit,
336 951 539 1026 quadragInta
568 951 630 1008 iere
662 951 726 1008 dies
757 950 955 1025 praeterisse,
993 967 1054 1025 quo
1085 948 1246 1006 intervallo
1278 949 1339 1006 nisi

159 1058 277 1116 litteras
301 1059 422 1116 Marcus
447 1076 467 1115 a
489 1057 581 1114 fratre
605 1058 783 1132 accepisset,
809 1074 870 1114 uon
894 1061 942 1114 est
964 1057 1105 1123 dubium,
1138 1056 1211 1131 quin
1235 1073 1339 1113 curam

160 1182 362 1239 angoremque
379 1182 468 1221 suum
485 1165 661 1237 proditurus
677 1165 777 1231 luerit,
795 1181 862 1220 curn
880 1163 1042 1238 epistulam
1060 1163 1199 1221 aderet.
1232 1162 1340 1237 Neque

160 1273 196 1328 de
228 1290 302 1329 cura
329 1274 360 1329 et
383 1288 494 1345 augore
518 1271 584 1328 eius
609 1271 775 1345 quidquam
799 1271 946 1338 sentitur,
979 1273 1014 1327 ut
1037 1288 1073 1328 eo
1096 1272 1231 1344 tempore
1254 1268 1338 1327 litte-

160 1395 260 1434 rarum
283 1378 538 1436 intermissionem
561 1395 622 1434 non
645 1377 742 1436 fuisse
758 1379 822 1435 iure
839 1377 1065 1435 concludamus,
1101 1377 1206 1452 Neque
1229 1377 1340 1451 paucis

160 1485 266 1543 diebus
297 1488 371 1565 post
398 1486 493 1542 verba
517 1484 642 1552 allia,
660 1485 695 1552 1,
722 1485 833 1559 quibus
865 1502 1015 1542 summam
1045 1485 1082 1542 de
1109 1483 1212 1541 fratris
1237 1483 1339 1541 salute

159 1609 262 1649 curam
286 1592 439 1667 patefecit,
465 1592 595 1650 scribere
618 1595 753 1665 poterat;
779 1609 846 1648 cum
868 1592 946 1648 enim
962 1591 1055 1666 paulo
1072 1593 1143 1649 ante
1158 1608 1206 1648 res
1223 1590 1340 1649 missas

159 1700 343 1773 superiorem
367 1699 530 1774 epistulam
554 1717 574 1756 a
596 1698 688 1755 fratre
712 1699 891 1773 accepisset,
917 1698 1085 1755 litterarum
1101 1697 1340 1755 intermissionis

158 1805 350 1862 intervallum
373 1806 469 1863 multo
493 1807 591 1862 miuus
615 1805 637 1861 L
661 1806 777 1862 dierum
791 1806 859 1863 fuit.
897 1805 990 1873 Unde,
1016 1823 1096 1879 quae
1117 1806 1154 1862 de
1170 1822 1205 1862 eo
1222 1805 1341 1880 scripta

160 1916 232 1968 sunt
254 1912 390 1980 1113,1.,
417 1929 485 1968 cum
509 1929 611 1968 mense
635 1911 756 1969 Octobri
779 1929 839 1969 nou
863 1912 1056 1969 conveniunt.

247 2018 388 2076 Nondum
412 2018 573 2093 exquisivi,
599 2035 661 2093 qua
675 2019 793 2075 ratione
810 2018 930 2076 Marcus
946 2019 1022 2075 illud
1038 2017 1230 2075 intervallum
1247 2018 1338 2092 quiu-

159 2126 307 2199 quaginta
338 2126 469 2200 amplius
500 2125 614 2182 dierum
646 2126 884 2199 computaverit,
918 2128 1019 2182 utrum
1050 2143 1087 2182 ex
1115 2143 1176 2199 quo
1200 2127 1340 2200 tempore

158 2231 291 2306 epistula
314 2236 448 2290 extrema
472 2251 487 2290 e
510 2233 668 2289 Britannia
691 2234 780 2300 data,
811 2251 851 2289 an
874 2233 988 2290 Romae
1012 2234 1051 2290 ab
1076 2250 1112 2290 eo
1136 2234 1264 2307 accepta
1288 2232 1337 2290 slt.

158 2337 215 2394 Per
239 2356 272 2396 se
296 2339 373 2397 enim
396 2340 541 2396 incertum
565 2357 634 2397 esse
657 2342 768 2414 potest,
795 2342 887 2415 atque
911 2342 1037 2396 secutus
1062 2357 1129 2397 sum
1153 2339 1339 2398 sententiam

159 2446 198 2502 ab
223 2445 363 2504 omnibus
386 2447 563 2521 probatam,
597 2464 659 2521 qua
681 2446 877 2506 intervallum
902 2446 1022 2503 ducitur
1045 2448 1083 2503 ab
1107 2447 1159 2503 illo
1184 2446 1247 2513 die,
1275 2464 1338 2521 quo

159 2552 278 2610 litterae
302 2571 318 2610 e
333 2553 492 2611 Britannia
507 2554 597 2610 datae
614 2554 684 2611 sint.
723 2553 755 2610 Si
772 2553 850 2610 enim
867 2553 964 2610 altera
980 2553 1132 2610 sententia
1147 2553 1337 2627 probaretur,

158 2677 207 2717 res
235 2660 280 2717 ita
308 2678 341 2717 se
364 2660 497 2718 haberet.
544 2660 656 2717 Caesar
679 2663 709 2717 et
732 2661 861 2730 Quintus
885 2661 963 2716 idem
986 2660 1132 2735 temporis
1156 2659 1291 2734 spatium
1314 2659 1339 2718 L

158 2767 289 2841 amplius
313 2767 428 2824 dierum
451 2768 594 2825 extremis
617 2766 725 2824 iltteris
748 2767 829 2825 datis
846 2767 1131 2841 praetermisissent,
1157 2767 1337 2841 priusquam

158 2873 310 2947 proximas
335 2874 448 2931 darent.
488 2874 533 2929 Ad
557 2875 615 2930 hoc
638 2875 815 2930 accederent
830 2873 951 2930 XXVIII
965 2874 1027 2930 iere
1052 2874 1125 2942 dies,
1151 2876 1186 2930 ut
1209 2875 1336 2932 nuntIus

157 2979 263 3036 deinde
287 2979 414 3036 Romam
438 2980 626 3054 perferretur.
664 2980 784 3037 Marcus
808 2981 899 3054 igitur
922 2981 958 3038 de
974 2983 1041 3038 toto
1058 2981 1160 3055 spatio
1178 2981 1338 3054 octogiuta

156 3086 218 3143 iere
242 3086 356 3143 dierum
380 3086 501 3143 omniuo
525 3087 707 3158 ignorasset,
738 3088 891 3161 quomodo
915 3105 964 3144 res
987 3087 1090 3145 fratris
1114 3106 1148 3145 se
1171 3088 1334 3157 haberent;

157 3210 236 3267 quae
261 3193 412 3250 sententia
436 3193 501 3251 veri
524 3193 632 3251 simiIIs
656 3211 717 3250 uon
741 3197 805 3262 est,
839 3195 1015 3268 praesertim
1040 3212 1108 3251 cum
1132 3194 1335 3252 consideratis

156 3301 247 3357 rebus
271 3319 290 3356 a
313 3299 443 3357 Caesare
473 3301 505 3357 iu
529 3300 651 3373 Belgica
683 3303 713 3358 et
735 3301 894 3358 Britannia
924 3301 1021 3374 gestis
1053 3302 1105 3358 vix
1137 3301 1195 3358 dici
1223 3302 1334 3374 possit,

157 3424 210 3463 cur
233 3406 322 3481 perL
346 3407 410 3464 dies
427 3407 543 3464 nullum
567 3408 706 3464 nuntium
729 3408 856 3466 Romam
873 3409 996 3476 miserit,
1022 3426 1090 3465 cum
1106 3408 1175 3466 aliis
1190 3409 1335 3482 tempori·

156 3514 214 3571 bus
239 3531 306 3570 eum
338 3514 441 3587 parvis
467 3514 577 3588 spatiis
608 3514 798 3588 Interpositis
829 3515 1007 3573 tabellarios
1036 3515 1157 3573 misisse
1181 3514 1336 3573 Ciceronis

156 3619 265 3677 litteris
290 3637 520 3694 cognoscamus.
574 3621 762 3695 Quapropter
792 3621 873 3695 prior
904 3622 1055 3679 sententia
1082 3622 1241 3697 probanda
1265 3640 1335 3680 esse

156 3727 227 3783 mihi
252 3727 372 3801 quidem
396 3727 522 3784 videtur.

246 3833 303 3890 Sed
316 3834 476 3891 redeamus
489 3835 528 3891 ad
541 3851 611 3891 rem.
643 3835 792 3905 Quoniam
805 3836 899 3892 verba
909 3853 928 3892 a
937 3835 1038 3893 Marco
1052 3836 1089 3893 de
1101 3835 1153 3892 illo
1165 3835 1334 3895 litterarum

156 3940 391 3998 intermissionis
422 3940 583 3999 Intervallo
615 3942 729 4015 scripta
752 3940 802 4017 (III
818 3944 847 4009 3,
865 3941 892 4018 1)
925 3959 992 3998 cum
1016 3960 1118 3999 mense
1136 3943 1257 4000 Octobri
1273 3961 1335 4002 nou

156 4048 348 4114 conveniunt,
375 4047 412 4103 ad
430 4046 512 4104 aliud
528 4050 649 4121 tempus
666 4066 702 4105 ea
718 4049 874 4106 referenda
889 4051 919 4106 et
935 4049 1097 4124 epistulam
1115 4050 1143 4107 3.
1160 4067 1197 4106 ex
1213 4049 1335 4109 duabus

155 4154 294 4227 partibus
319 4154 427 4211 alienis
452 4172 520 4212 esse
544 4155 650 4212 iterum
676 4158 806 4212 constat.

246 4261 410 4318 Veniamus
435 4264 468 4318 at
490 4262 613 4318 tertium
637 4267 855 4334 argumentum.
890 4262 933 4319 De
950 4263 1051 4333 Quinti
1075 4265 1106 4320 et
1121 4262 1213 4319 Marci
1230 4264 1334 4338 pueris
