2970 4822
629 349 923 438 -35-.

149 530 214 584 taus
245 525 353 584 litteras
385 524 419 602 (c.
440 525 475 603 lt.
521 527 685 584 Intervallo
715 527 767 585 illo
801 527 1024 603 quinquaginta
1055 528 1186 604 amplius
1217 529 1331 586 dierum

150 633 209 691 viri
234 633 323 700 docti,
351 651 417 691 cum
441 634 587 708 temporis
603 634 752 691 rationem
768 636 1038 708 perscrutarentur,
1063 635 1194 692 maxime
1215 634 1333 710 decepti

150 743 240 809 sunt;
273 740 436 815 epistulam
461 741 539 798 enim
558 742 636 799 hanc
660 759 686 798 a.
704 741 730 800 d.
747 741 806 798 XII.
823 741 889 799 Kal.
907 741 968 798 Oct.
994 741 1097 798 datam
1121 760 1190 799 esse
1214 745 1244 799 et
1266 745 1332 799 tum

154 847 441 923 quinquagesimum
464 848 565 922 ipsum
589 848 667 905 diem
690 848 787 906 tuisse
803 848 971 906 litterarum
987 848 1221 906 intermissionis
1237 850 1331 923 puta-

150 958 270 1022 verunt,
289 972 356 1011 cum
374 954 486 1012 Caesar
501 957 685 1030 postremam
702 955 864 1029 epistulam
880 954 947 1012 Kal.
961 955 1042 1029 Sept.
1059 952 1223 1030 (Qu.fr.111
1239 955 1265 1022 1,
1278 955 1331 1032 25)

151 1080 168 1120 e
200 1061 359 1119 Britannia
389 1059 563 1134 misisset¹t
610 1062 669 1119 Sed
694 1062 772 1119 hanc
803 1061 985 1120 sententiam
1015 1061 1127 1119 falsam
1160 1080 1228 1120 esse
1251 1079 1332 1119 nunc

149 1169 333 1229 videbimus,

242 1277 342 1351 Atque
374 1294 479 1334 omnes
508 1276 550 1333 illi
573 1276 646 1340 viri,
673 1276 836 1351 epistulam
858 1275 944 1333 1112.
968 1275 1173 1350 pervestigare
1197 1277 1331 1350 praeter-

151 1384 307 1441 miserunt.
353 1383 398 1440 Ea
422 1383 500 1441 enim
523 1383 657 1440 Marcum
681 1384 773 1459 paulo
798 1385 868 1441 ante
892 1401 960 1440 eum
984 1382 1075 1448 diem,
1103 1382 1155 1456 qui
1178 1382 1236 1439 luit
1260 1401 1287 1439 a.
1304 1382 1331 1441 d.

151 1489 188 1548 V.
211 1490 253 1549 Id.
278 1490 355 1552 Oct..
388 1490 506 1548 litteras
538 1508 558 1547 a
587 1491 680 1548 tratre
712 1491 867 1564 accepisse
898 1489 1014 1547 elucere
1045 1491 1120 1562 puto
1151 1489 1199 1546 his
1231 1489 1332 1546 verbis

154 1596 255 1656 nisus:
278 1596 314 1654 A.
339 1596 365 1654 d.
395 1594 443 1654 VI.
463 1595 508 1655 Id.
534 1595 593 1654 Oet.
617 1595 732 1655 Saleius
756 1595 866 1655 Ostiam
887 1594 997 1668 vespam
1017 1595 1087 1653 aevi
1103 1596 1250 1668 profectus
1272 1598 1334 1653 erat

153 1718 215 1761 eam
242 1703 280 1762 iis
302 1705 399 1777 rebus,
429 1722 498 1781 qaas
520 1704 574 1763 ata·
596 1704 678 1762 domo
701 1703 778 1761 mitti
799 1704 929 1762 cellares
952 1701 986 1779 tc.
1006 1701 1042 1779 1).
1089 1696 1218 1772 Quintus
1242 1702 1334 1776 igitur

150 1828 200 1868 res
224 1811 313 1869 domo
337 1813 501 1870 mittendas
525 1831 545 1869 a
567 1812 660 1869 fratre
683 1812 848 1887 petiverat,
875 1828 966 1886 quae,
993 1825 1061 1866 cum
1085 1826 1187 1865 mense
1211 1809 1332 1865 Octobri

153 1918 350 1988 mitterentur,
377 1920 416 1977 ad
439 1938 530 1977 usum
554 1920 711 1978 hibernum
726 1919 812 1976 fratri
828 1918 931 1976 nescio
949 1934 988 1974 an
1005 1915 1197 2008 necessariae
1212 1915 1332 1973 inerint

151 2025 298 2095 Quaestio
322 2029 378 2095 est,
405 2027 527 2103 quando
543 2027 664 2084 Marcus
689 2027 725 2083 de
748 2026 795 2083 his
819 2027 910 2083 rebus
930 2023 1086 2081 mittendis
1103 2022 1211 2080 certior
1225 2021 1329 2080 tactus

150 2132 201 2190 sit.
240 2135 383 2204 Quintum
407 2134 494 2202 enim,
520 2152 588 2191 cum
611 2134 707 2209 primo
731 2150 811 2190 anuo
836 2133 875 2190 ad
891 2132 1051 2189 Gaesarem
1075 2129 1328 2204 proficisceretur.

151 2239 188 2297 de
212 2240 250 2297 iis
274 2242 470 2299 mandavisse
493 2241 579 2298 fratri
602 2242 762 2315 propterea
784 2241 837 2297 vix
861 2238 1039 2297 credendum
1056 2239 1112 2304 est,
1139 2235 1220 2310 quia,
1247 2235 1328 2309 apud

151 2346 312 2405 Caesarem
343 2366 413 2405 uum
445 2365 608 2405 mansurus
640 2350 739 2414 esset,
772 2349 837 2404 tum
867 2346 1023 2403 nesciebat
1051 2341 1320 2420 (Qu.fr.1114‚2

150 2453 191 2511 III
210 2454 236 2523 l,
253 2453 291 2533 9).
339 2456 405 2525 Qua
435 2455 471 2512 de
503 2473 599 2512 causa
630 2455 758 2529 apparet
783 2453 917 2510 Marcum
950 2452 1059 2525 paulo,
1092 2459 1256 2532 autequam
1280 2475 1329 2515 res

151 2562 286 2619 mitteret
301 2581 328 2619 a.
342 2562 369 2620 d.
381 2562 428 2619 Vl.
441 2562 482 2619 Id.
496 2561 568 2629 Oct,
587 2562 742 2618 certiorem
752 2560 867 2617 factum
880 2577 948 2617 esse
960 2559 1068 2618 litteris
1082 2580 1101 2618 a
1114 2563 1225 2632 Quinto
1237 2564 1328 2621 datis.

240 2669 327 2726 Dicet
357 2669 405 2726 hic
429 2669 541 2743 aliquis
565 2668 711 2725 mandata
733 2668 867 2725 fortasse
890 2667 921 2722 in
946 2666 1054 2724 litteris
1078 2668 1224 2738 infuisse,
1252 2687 1332 2744 quas

152 2774 273 2833 Marcus
306 2776 336 2833 in
369 2776 507 2850 Arpinati
539 2794 558 2832 a
588 2776 681 2832 fratre
712 2774 836 2848 accepit.
883 2775 922 2830 At
954 2773 1056 2832 Cicero
1088 2775 1126 2832 ad
1158 2794 1223 2844 reS,
1254 2794 1333 2851 quae

152 2882 274 2958 quidem
306 2900 416 2955 graves
449 2883 546 2940 fuisse
570 2881 745 2947 videantur,
779 2898 883 2939 omnes
907 2881 937 2937 in
961 2880 1069 2938 litteris
1093 2882 1196 2952 Quinti
1219 2901 1333 2941 memo-

153 2992 238 3047 ratas
263 2993 406 3047 accurate
429 2989 569 3047 rescribit
593 2987 645 3064 (111-
663 2989 689 3057 1,
705 2987 837 3064 8-15),
871 3005 968 3063 neque
993 2989 1158 3064 quidquam
1182 2990 1333 3048 derebus

153 3097 309 3154 mittendis
333 3097 363 3153 in
389 3115 425 3153 ea
449 3097 581 3171 epistula
604 3096 697 3163 inest,
724 3112 909 3170 quamquam
934 3095 969 3152 de
992 3095 1030 3152 iis
1055 3097 1218 3153 rescribere
1241 3114 1333 3169 grave

153 3203 252 3261 tuisse
283 3207 366 3278 puto.
412 3205 512 3279 Atque
535 3203 688 3281 Marcum,
720 3202 747 3259 si
778 3201 876 3259 medio
905 3219 1007 3258 mense
1032 3202 1199 3277 Septembri
1229 3203 1332 3261 fratris

156 3311 302 3369 mandata
325 3311 529 3385 cognovisset,
555 3327 608 3367 cur
627 3327 675 3366 res
692 3312 764 3383 post
779 3311 899 3365 tantum
916 3309 1034 3365 demum
1051 3309 1185 3383 spatium
1201 3309 1334 3367 mitteret

154 3434 181 3476 a.
198 3418 225 3475 d.
241 3418 289 3475 VI.
305 3419 345 3476 Id.
363 3419 434 3487 oa,
460 3418 548 3475 tratri
571 3434 604 3473 se
628 3420 845 3473 excusaturum
867 3415 965 3472 tuisse
983 3415 1117 3495 epistula
1140 3417 1169 3474 2.
1193 3417 1257 3474 iure
1281 3435 1334 3474 ex-

155 3528 339 3600 spectamus.
386 3525 479 3601 Atqui
508 3525 544 3582 de
568 3525 658 3581 rebus
683 3540 750 3580 sero
775 3521 878 3579 missis
901 3521 1023 3580 Marcus
1048 3540 1080 3579 se
1104 3540 1165 3581 non
1190 3526 1333 3593 excusat;

154 3649 225 3707 ergo
251 3651 304 3690 eas
329 3633 433 3690 statim
457 3633 578 3690 misisse
602 3631 730 3694 videtur,
756 3631 920 3704 postquam
943 3629 1046 3686 fratris
1063 3630 1209 3687 mandata
1225 3630 1333 3687 litteris
1440 3623 1442 3626 ⁴

156 3756 221 3796 com
247 3740 311 3797 erit.

225 3758 287 3903 pAc
311 3865 348 3904 ne
372 3847 441 3920 quis
466 3847 548 3902 dicat
570 3845 637 3902 tieri
660 3844 813 3919 potuisse,
842 3845 877 3899 ut
901 3843 1041 3900 Caesaris
1065 3842 1173 3899 litteris
1197 3860 1224 3901 a.
1242 3844 1268 3900 d.
1285 3842 1333 3901 IV.

152 3951 220 4010 Kal.
245 3953 308 4011 Oct.
332 3952 457 4010 redditis
481 3954 685 4026 cognosceret.
718 3951 862 4021 Quintum
885 3950 922 4007 de
945 3949 992 4007 his
1017 3949 1138 4007 omnino
1162 3949 1331 4023 ignorasse,

153 4059 198 4116 ita
215 4063 250 4118 ut
262 4061 385 4119 Caesari
397 4059 544 4116 mandata
556 4058 740 4117 committere
753 4075 813 4115 non
826 4058 941 4132 posset,
955 4056 1049 4114 Marci
1061 4055 1162 4113 verbis
1176 4053 1226 4130 (111
1242 4056 1268 4125 1,
1280 4055 1333 4133 25)

153 4167 293 4226 efficitur.

245 4305 264 4374 ¹)
285 4305 384 4375 Bergk,
398 4321 425 4375 p.
443 4303 511 4371 625;
530 4303 663 4368 Koerner,
683 4319 709 4372 p.
723 4302 773 4370 553
801 4300 961 4371 Sternkopi,
981 4300 1096 4354 Hermes
1116 4297 1222 4365 1905,1
1242 4315 1269 4369 p.
1289 4299 1332 4356 37.
