2970 4822
660 374 859 432 -3-

166 554 314 615 fecerunt.
339 551 609 627 interpungendum
634 552 684 631 su,
719 552 791 627 quia
815 551 1026 619 difficultates,
1061 552 1097 608 de
1126 551 1238 626 quibus
1269 551 1348 609 infra
1448 628 1450 632 Ι

170 660 327 728 disseram,
352 659 442 718 valde
466 660 657 732 augerentur,
673 657 711 716 ‚si
734 658 853 715 litteras
874 657 987 714 alteras
1004 658 1159 732 postridie,
1185 675 1277 732 quam
1293 676 1347 715 su-

169 767 302 842 periores
329 765 487 823 Placentia
518 765 608 822 datae
633 767 714 833 sunt,
748 767 926 839 putaremus
962 764 1087 832 missas;
1119 781 1198 839 quae
1228 764 1346 822 litterae

170 873 292 941 alterae,
317 890 334 931 a
356 873 425 930 loco
450 872 583 947 quodam
608 872 699 929 datae
723 875 804 939 sunt,
830 871 928 946 quiin
946 870 1101 929 codicibus
1119 889 1195 928 casu
1211 871 1346 929 ablativo

170 979 300 1054 scriptus
324 981 371 1037 est
394 977 598 1037 Blandenonne
620 980 722 1052 atque,
749 995 817 1035 cum
842 976 975 1051 epistula
998 978 1144 1052 superior,
1171 996 1249 1053 quae
1273 978 1347 1035 data

168 1089 217 1145 est
246 1086 416 1154 Placentia,
450 1085 564 1143 Romae
595 1084 689 1159 pridie
720 1084 900 1152 redderetur,
938 1083 1022 1141 illum
1053 1083 1152 1141 locum
1184 1085 1346 1142 obscurum

167 1211 261 1268 prope
291 1192 479 1250 Placentiam
510 1192 602 1250 situm
634 1209 702 1248 esse
733 1191 790 1248 viri
822 1191 904 1248 docti
934 1190 1156 1248 concluserunt.
1165 1188 1187 1268 ²)
1241 1191 1346 1265 ltaque

167 1300 220 1357 alii
244 1300 438 1358 coniecerunt
460 1299 497 1356 de
520 1298 623 1356 Laude
647 1298 801 1373 Pompeia,
834 1316 924 1373 quam
960 1298 1130 1372 opinionem
1162 1298 1214 1355 alii
1244 1315 1346 1372 repro·

166 1407 327 1467 baverunt.
385 1406 542 1481 Scriptura
576 1422 652 1463 sane
688 1407 832 1479 corrupta
866 1405 988 1462 videtur
1019 1422 1102 1473 esse;
1138 1422 1236 1480 neque
1268 1404 1345 1462 enim

167 1513 264 1570 ullum
288 1512 437 1570 eiusmodi
459 1530 569 1570 nomen
593 1512 757 1587 scriptores
785 1513 904 1569 veteres
932 1511 1135 1585 prodiderunt.
1181 1511 1286 1586 Neque
1310 1511 1345 1568 de

168 1619 322 1695 scriptura
346 1618 446 1676 solum
469 1619 669 1676 dubitandum
693 1621 753 1686 est,
787 1636 892 1676 verum
916 1618 1008 1675 etiam
1040 1635 1093 1675 cur
1117 1617 1229 1675 Caesar
1258 1617 1345 1692 igno-

167 1725 291 1783 tissimo
322 1724 390 1782 loco
427 1743 521 1799 prope
551 1725 736 1782 Placentiam
769 1725 829 1783 sito
864 1724 1009 1794 Quintum
1041 1724 1226 1793 convenerit;
1264 1741 1343 1798 quae

170 1834 272 1889 tamen
297 1831 464 1889 difficultas
487 1831 590 1889 nescio
614 1849 653 1888 an
678 1832 840 1899 minuatur,
875 1831 902 1889 si
924 1831 1043 1889 litteras
1067 1831 1224 1888 Placentia
1255 1830 1345 1888 datas

168 1955 238 1996 sero
263 1938 375 1996 allatas
400 1955 469 1996 esse
493 1955 661 2007 censemus,
680 1939 725 1996 ita
747 1940 781 1995 ut
805 1938 963 2012 aliquanto
985 1940 1056 1995 ante
1072 1938 1226 2011 proximas
1250 1937 1346 2012 scrip-

170 2047 221 2103 tas
246 2063 299 2104 eas
324 2063 393 2103 esse
417 2062 605 2112 censeamus,
630 2045 791 2120 locumque
815 2045 899 2101 illum
922 2045 1059 2118 ignotum
1083 2045 1218 2119 longiore
1242 2044 1344 2119 spatio

169 2170 190 2209 a
213 2152 370 2209 Placentia
393 2152 511 2209 abesse.

257 2259 330 2316 Tres
354 2261 456 2316 tamen
479 2261 598 2316 restant
628 2261 785 2332 praeterea
816 2257 1024 2316 dubitationes
1056 2275 1092 2315 ac
1124 2258 1228 2332 prima,
1263 2258 1343 2333 quod

166 2363 286 2424 Marcus
312 2365 414 2436 Quinti
438 2365 601 2439 epistulam
624 2365 782 2422 Placentia
809 2364 911 2422 datam
942 2382 1048 2439 reapse
1080 2367 1187 2422 nostra
1218 2383 1344 2439 exspec-

165 2473 282 2530 tatione
307 2473 415 2540 serius,
446 2490 472 2530 a.
489 2472 517 2529 d.
533 2472 582 2530 IV.
606 2472 682 2530 Non.
707 2472 785 2538 lun,
812 2471 937 2546 accepit.
961 2472 1002 2530 lis
1027 2473 1117 2540 enim,
1149 2490 1227 2547 quae
1251 2489 1345 2546 supra

167 2579 435 2647 demontravimus,
469 2581 611 2637 constare
642 2579 764 2636 videtur
787 2579 930 2648 Quintum
957 2579 1038 2636 circa
1069 2578 1222 2636 Kalendas
1246 2578 1344 2636 Maias

168 2687 225 2742 aut
247 2689 375 2743 exeunte
399 2703 501 2743 mense
517 2685 612 2760 Aprili
628 2686 727 2743 Roma
744 2685 933 2743 discessisse.
972 2684 1056 2742 Unde
1073 2685 1203 2759 amplius
1220 2685 1345 2758 triginta

171 2791 278 2849 diebus
310 2808 388 2866 opus
419 2793 538 2861 fuisset,
570 2794 604 2849 ut
627 2792 758 2862 Quintus
781 2792 879 2848 Roma
905 2791 1091 2849 Placentiam
1118 2791 1287 2865 perveniret
1314 2793 1344 2847 et
1402 2816 1406 2821 ·

165 2897 236 2955 inde
260 2897 378 2956 litterae
401 2899 528 2956 Romam
552 2899 762 2973 perferrentur.
801 2899 960 2973 facileque
978 2901 1153 2973 computare
1169 2898 1343 2969 licetQuin·

164 3007 240 3072 tum,
273 3005 301 3063 si
329 3005 396 3064 Kal.
419 3004 489 3064 Mai.
520 3006 618 3063 Roma
650 3006 804 3080 profectus
836 3006 886 3074 sit,
919 3008 991 3081 post
1022 3005 1232 3064 duodecimum
1264 3008 1343 3063 certe

165 3110 244 3169 diem
268 3111 455 3170 Placentiam
478 3112 580 3170 venire
604 3113 756 3187 potuissc;
790 3131 882 3188 quare
913 3112 1031 3170 litterae
1064 3113 1129 3170 eius
1154 3112 1248 3169 multo
1273 3115 1343 3169 ante

164 3235 234 3275 eum
259 3218 346 3287 diam,
380 3219 433 3293 qui
454 3219 514 3276 fuit
537 3237 564 3276 a.
590 3219 616 3276 d.
640 3219 688 3276 IV.
713 3219 789 3277 Non.
812 3219 891 3287 Jun,
917 3220 1032 3277 Romae
1054 3218 1225 3276 reddendae
1249 3221 1342 3277 erant.

165 3324 260 3382 Cuius
292 3325 485 3383 difficultatis
519 3325 682 3385 tollendae.
709 3344 806 3382 causa
836 3324 969 3382 Koerner
1004 3324 1072 3382 loco
1104 3324 1236 3400 quodam
1267 3325 1344 3383 inter

165 3429 351 3489 Placentiam
376 3434 406 3488 et
429 3433 596 3489 Ariminum
612 3432 715 3506 posito
733 3432 876 3502 Quintum
892 3431 1083 3507 aliquantum
1100 3432 1243 3506 temporis
1260 3449 1342 3489 com-

164 3540 317 3596 moratum
341 3556 410 3596 esse
434 3540 556 3596 statuit:
591 3537 719 3614 Quintus,
743 3541 775 3595 at
797 3537 933 3610 dicimur,
956 3538 1067 3596 ineunte
1088 3555 1179 3597 mense
1201 3537 1283 3597 Maio
1306 3538 1344 3597 ad

165 3641 315 3703 Gaesarem
344 3661 373 3703 se
403 3645 572 3718 contulerat·
605 3645 755 3718 epistotam
778 3644 912 3703 Arimino
939 3644 1028 3718 paulo
1059 3648 1123 3703 ania
1145 3643 1216 3703 Idas
1245 3644 1343 3703 Maias

164 3749 295 3825 dederat·
327 3769 397 3825 qnos
432 3751 543 3811 Tullius
573 3752 721 3810 Placentia
752 3753 834 3811 datas
863 3771 890 3810 a.
914 3752 940 3810 d.
964 3751 1018 3810 IV.
1042 3751 1117 3809 Non.
1141 3750 1206 3809 Ina.
1237 3751 1344 3824 aremii

164 3855 284 3931 litteras,
306 3858 458 3930 ferend
480 3857 545 3919 VH.
568 3858 637 3916 Kal.
653 3857 717 3917 Irin.
742 3862 822 3916 erunt
845 3858 984 3933 scriptura·
1006 3861 1178 3932 quapropter
1200 3857 1259 3916 siue
1273 3857 1342 3915 Ari·

163 3962 238 4022 mini
259 3964 318 4023 sive
333 3964 496 4024 Placentiae
517 3965 575 4024 sive
599 3966 658 4023 loco
674 3966 795 4039 quodam
817 3965 963 4024 interiecto
987 3965 1068 4023 illam
1085 3963 1193 4039 loupiac
1209 3964 1343 4038 imponis

163 4071 290 4143 aarum
313 4075 516 4131 commoratam
538 4090 593 4132 esse
615 4076 742 4147 apparet.
768 4071 888 4148 Quando
911 4076 1004 4131 anteon
1027 4075 1053 4130 ei
1074 4071 1123 4130 abi
1141 4070 1342 4130 adducturam

255 4299 276 4368 ¹)
294 4300 328 4352 ut
345 4296 439 4369 Tyrell
457 4301 487 4353 et
505 4299 607 4353 Purser
625 4298 642 4354 l.
655 4315 676 4352 s.
696 4299 792 4354 adnot.
