2970 4822
617 322 839 378 „22-

140 499 189 556 his
213 499 330 556 verbis:
359 497 428 556 Veni
449 515 523 557 nunc
545 498 583 557 ad
604 503 668 557 tuas
691 498 809 572 litteras,
832 516 901 572 quas
918 497 1052 572 pluribus
1075 495 1204 571 epistulis
1217 495 1321 570 accepi,

140 605 209 664 duni
233 623 295 663 suun
326 604 355 664 in
377 604 516 679 Arpinati
522 623 532 679 ,·
555 649 658 664 .....
681 623 739 664 una
763 604 896 678 pluribus
928 605 1032 678 subu,
1062 604 1094 663 in
1116 623 1172 679 qua
1189 603 1321 678 mimum

139 716 217 782 nal,
248 712 321 788 quod
350 711 495 788 antiquior
521 713 580 772 dies
606 713 637 771 in
665 712 722 771 tuis
747 712 848 786 fuisset
874 712 1020 785 adscripta
1047 710 1150 770 litteris
1175 728 1261 787 quam
1290 709 1322 768 iu

141 817 281 878 Caesaris.
318 817 355 877 Io
377 819 450 892 facil
467 818 577 893 Oppius
591 836 647 877 uon
661 836 813 894 nunquan
827 818 992 891 nanasario,
1015 821 1055 891 ul,
1079 834 1145 879 arn
1159 815 1323 876 tabellarios

140 925 316 984 enist'tuerit
338 926 447 984 uiliore
469 926 629 1001 litterasque
650 944 669 983 a
690 925 770 984 nobis
791 925 937 998 arenarii,
967 924 1064 1000 aliqua
1086 943 1117 982 re
1138 941 1213 982 noua
1235 922 1322 997 impe·

139 1031 238 1090 diutia
267 1037 293 1090 at
322 1033 477 1091 necessario
504 1032 595 1091 serires
624 1050 707 1107 quarn
731 1033 914 1092 camuranae
934 1031 1044 1105 inibat,
1066 1049 1151 1106 neque
1172 1047 1224 1089 nos
1246 1029 1323 1089 dalis

139 1139 200 1197 iani
230 1139 358 1212 epistulis
384 1139 458 1198 diora
489 1139 657 1197 counuutari
679 1156 807 1198 curernus
830 1135 868 1220 (c.
885 1139 924 1217 8).
970 1139 1091 1196 Marcus
1114 1138 1221 1212 igitur,
1252 1155 1321 1196 cum

141 1246 292 1321 epistulas
324 1247 402 1304 duas
431 1265 484 1321 per
513 1246 689 1304 tabellarios
713 1246 906 1320 perferendas
931 1246 1027 1321 Oppio
1052 1245 1152 1312 dmct,
1187 1263 1249 1321 qua
1272 1245 1321 1302 dic

142 1351 233 1410 datae
250 1355 343 1420 erant,
369 1353 407 1410 iis
424 1353 639 1427 adscripscrat.
678 1353 791 1429 Oppius
809 1355 919 1421 autem,
943 1371 1010 1410 cum
1025 1352 1203 1410 tabellarios
1220 1351 1320 1409 serius

141 1476 234 1532 quam
258 1459 399 1517 voluerat
421 1460 561 1529 mitteret,
586 1461 616 1517 in
641 1460 750 1517 litteris
775 1460 898 1518 Caesari
922 1460 1052 1533 scriptis,
1079 1477 1156 1535 quas
1181 1477 1201 1516 a
1216 1459 1320 1516 Marco

141 1569 302 1641 acceperat
325 1567 403 1624 diem
426 1568 566 1625 mutavit.
613 1568 696 1638 Quae
720 1585 767 1624 res
792 1567 944 1637 Quintum,
971 1566 1044 1641 quia
1065 1566 1097 1623 in
1121 1567 1187 1624 eius
1210 1565 1320 1623 litteris

141 1673 296 1748 antiquior
328 1674 392 1732 dies
425 1677 545 1731 mutata
572 1692 633 1731 non
664 1676 745 1741 erat,
779 1677 814 1731 ut
845 1691 971 1731 eausam
995 1691 1011 1730 e
1034 1673 1127 1731 fratre
1152 1674 1318 1747 quaereret,

140 1783 286 1837 moverat.
318 1781 402 1838 Unde
418 1781 485 1849 hoc,
508 1781 589 1856 quod
606 1783 654 1838 est
669 1781 892 1853 gravissimum,
919 1780 1139 1854 cognoscimus,
1158 1778 1318 1854 epistulae,

141 1903 220 1961 quas
244 1886 364 1944 Marcus
393 1887 485 1962 paulo
516 1890 589 1962 post
611 1907 637 1945 a.
655 1887 682 1945 d.
698 1888 744 1944 ΙΙΙ.
760 1887 836 1947 Non.
854 1887 917 1944 Iun.
942 1890 972 1945 et
995 1888 1034 1944 ad
1058 1886 1202 1956 Quintum
1226 1888 1258 1944 et
1280 1885 1320 1943 ad

141 1993 300 2051 Caesarem
333 1994 431 2063 dedit,
464 1994 560 2051 multo
591 1999 663 2069 post
690 1994 787 2052 Roma
814 1994 895 2051 latas
919 2012 1004 2063 esse,
1037 1994 1082 2051 ita
1110 1995 1145 2050 ut
1168 2009 1319 2051 summum

141 2101 282 2158 extremis
314 2101 427 2159 mensis
450 2101 526 2158 Iunii
555 2101 662 2158 diebus
685 2100 734 2158 vol
757 2102 861 2175 potius
884 2102 1007 2158 ineunte
1031 2099 1156 2171 Quintili
1177 2099 1266 2157 fratri
1288 2099 1319 2157 in

141 2211 231 2282 portu
255 2207 322 2276 Itio,
348 2208 401 2265 ubi
416 2211 482 2265 tum
505 2208 572 2277 fuit,
599 2225 658 2265 sua
680 2208 764 2265 reddi
780 2210 894 2281 posset.
926 2207 1067 2265 Camillo
1091 2207 1169 2280 ipsc·
1184 2208 1319 2281 tempore

141 2313 310 2371 litterarum
333 2314 517 2372 intermissio
542 2318 633 2382 esset,
659 2316 696 2372 de
721 2333 783 2390 qua
806 2314 915 2390 scripsi
939 2314 977 2391 (p.
994 2312 1147 2390 ani-21),
1178 2313 1317 2383 Quintus,

140 2422 176 2477 ut
197 2420 236 2478 M.
260 2421 319 2477 Orsi
343 2421 515 2497 epistulam,
541 2422 586 2479 ita
609 2423 687 2479 hano
712 2440 834 2497 quoque
857 2422 1003 2496 reposuit.
1028 2423 1064 2479 ut
1079 2421 1174 2496 primo
1196 2437 1318 2496 quoque

139 2529 274 2602 tempore
305 2532 377 2604 post
401 2547 490 2586 suum
514 2530 544 2587 in
568 2530 756 2586 Britanniam
780 2529 945 2586 adventum
968 2528 1172 2602 responderet.
1218 2527 1318 2602 Atque

140 2652 209 2692 cum
232 2636 345 2710 primas
370 2655 385 2693 e
409 2637 568 2695 Britannia
591 2637 677 2693 daret
693 2635 841 2710 epistulas
859 2636 898 2693 ad
913 2635 1046 2692 Marcum
1071 2637 1101 2692 et
1117 2636 1156 2692 ad
1171 2633 1318 2692 familiam

140 2760 237 2811 snam,
263 2744 445 2800 rescribendi
469 2747 589 2817 tempus
613 2742 762 2800 nonfuit.
810 2743 881 2800 Cura
907 2745 1009 2800 autem
1032 2742 1140 2799 iterum
1164 2741 1315 2809 scriberet,

140 2851 261 2923 tempus
285 2851 385 2923 ipsum
408 2851 555 2907 habuisse
578 2850 711 2916 videtur,
736 2852 772 2906 ut
795 2850 834 2905 ad
857 2848 991 2905 Marcum
1016 2849 1052 2905 de
1076 2849 1142 2905 eius
1166 2847 1318 2922 legatione

141 2954 190 3031 (III
209 2955 235 3022 1,
253 2955 304 3032 18)
328 2957 497 3031 paucisque
520 2957 654 3013 fortasse
678 2955 747 3013 aliis
771 2958 862 3013 rebus
887 2958 917 3013 et
940 2957 979 3012 ad
1002 2955 1148 3013 familiam
1172 2955 1209 3012 dc
1225 2953 1318 3012 Marci

141 3062 274 3136 epistula
290 3064 328 3120 ab
347 3062 427 3119 Ortic
444 3065 571 3138 accepta
586 3063 771 3121 rescriberet.
810 3062 971 3120 Tabellarii
987 3062 1065 3119 enim
1081 3061 1175 3119 Iuliae
1191 3063 1317 3119 mortem

140 3170 316 3227 nuntiantes
346 3171 449 3227 subito
479 3171 626 3227 venerant
648 3171 679 3226 et
701 3187 762 3226 non
785 3169 877 3242 longa
900 3187 986 3226 mora
1007 3168 1190 3243 interposita
1212 3146 1317 3225 alteris

139 3276 267 3334 Romam
290 3276 541 3351 proficiscendum
568 3278 641 3334 erat.
680 3277 763 3333 Unde
787 3279 907 3350 tempus
924 3276 1034 3346 Quinto
1058 3292 1120 3333 non
1137 3275 1197 3332 tuit
1213 3274 1317 3349 capio*

139 3384 206 3441 sius
237 3385 366 3442 scribere
395 3386 425 3440 et
452 3401 531 3458 quae
560 3384 586 3440 ei
618 3385 657 3440 ad
680 3384 773 3441 Marci
801 3382 962 3458 epistulam
987 3383 1077 3440 1113.
1106 3381 1319 3457 respondenda

140 3492 244 3558 erant,
277 3490 315 3547 ad
344 3491 514 3564 proximam
547 3491 709 3565 epistulam
740 3490 860 3554 reiecit,
893 3507 972 3564 quae
1003 3489 1136 3546 maxima
1163 3505 1317 3546 unacum

140 3597 277 3672 pluribus
310 3598 407 3655 missa
437 3603 485 3655 est
509 3596 661 3674 (1111‚8).
707 3598 812 3672 Itaque
843 3599 952 3672 putare
983 3596 1053 3653 licet
1083 3596 1161 3653 hanc
1189 3595 1315 3671 primam

139 3705 236 3763 tuisse
259 3705 386 3762 missam
410 3723 426 3762 e
449 3705 548 3762 tribus
572 3704 641 3764 illis.

227 3812 341 3869 Deinde
356 3811 477 3869 Marcus
501 3813 577 3869 hacc
600 3811 734 3884 scripsit:
760 3809 840 3886 Quod
855 3810 909 3868 tibi
923 3828 984 3868 uua
994 3809 1146 3883 permissio
1161 3807 1318 3867 mansionis

138 3922 202 3976 tuae
223 3923 307 3993 prata
329 3922 377 3990 esi,
400 3918 431 3976 iil
453 3937 501 3994 apo
523 3935 631 3976 surnrno
654 3935 713 3976 nuo
737 3918 832 3976 dolore
855 3921 881 3975 et
903 3917 1049 3985 desiderio,
1074 3919 1166 3974 tanen
1186 3932 1222 3973 ea
1231 3918 1318 3989 parte

137 4026 243 4100 paudeo
259 4025 309 4101 (III
329 4025 409 4102 1,9).
448 4026 547 4083 Etiam
572 4044 609 4084 ea
632 4027 726 4082 verba
749 4026 788 4082 ad
812 4025 974 4099 epistulam
995 4024 1022 4082 ΙΙ
1041 4024 1089 4082 13.
1106 4023 1208 4081 referri
1228 4024 1315 4097 puto;

139 4151 210 4190 nam
233 4135 300 4190 tota
323 4133 399 4190 haec
423 4133 556 4208 epistula
578 4133 738 4207 permissio
763 4133 913 4208 quaedam
936 4130 1105 4190 mansionis
1128 4129 1187 4187 dici
1202 4131 1313 4205 potest,

139 4240 213 4315 quia
235 4240 356 4298 Marcus
380 4241 523 4314 gaudium
548 4258 637 4298 suum
660 4240 832 4314 professus
859 4240 941 4314 quod
963 4239 1086 4296 fratrem
1110 4238 1235 4295 haberet
1258 4239 1317 4294 mro
