2970 4822
635 312 852 370 ..49-

153 508 220 551 aas
249 509 264 550 e
293 489 512 550 Britannia
542 507 682 548 recurras.
728 489 833 565 Neque
857 490 934 548 enim
951 490 1111 548 Trebatius
1135 508 1279 566 umquam
1298 490 1330 548 in

154 599 258 658 insula
279 598 348 667 fuit,
373 601 409 656 ut
431 599 541 673 postea
565 597 765 671 comperimus
791 595 875 674 (9,1;
903 597 996 666 16,1;
1024 596 1073 664 10,
1084 595 1123 675 2).

244 759 327 828 Quae
363 757 465 816 Cicero
504 757 553 814 his
590 756 733 814 familiari
773 758 882 826 suasit,
923 757 1153 815 admirationem
1191 759 1329 815 nostram

155 867 289 935 moveut3
314 864 386 922 dicit
409 864 487 921 euim
503 863 688 922 ,condicione
712 864 844 938 quadam
868 864 1026 921 adiuncta:
1050 863 1081 920 Ε
1100 860 1198 921 Gallia
1219 863 1257 921 ad
1278 880 1330 922 aas

154 969 279 1029 Roriam
301 970 372 1029 redi.

242 1132 378 1190 Alterum
402 1136 504 1189 autem
529 1131 690 1189 consilium
713 1130 835 1189 facilius
859 1131 1051 1203 intellegitur.
1087 1131 1244 1188 Sententia
1267 1133 1328 1189 est:

156 1235 208 1310 Ta,
242 1238 269 1296 si
301 1238 333 1296 ia
369 1235 476 1310 Gallia,
511 1253 574 1295 cam
608 1235 713 1295 ansar
745 1236 848 1312 aliiqae
882 1236 1042 1309 familiares
1078 1238 1138 1310 fere
1173 1255 1265 1296 amires
1298 1236 1329 1294 ia

152 1343 312 1403 Britannia
334 1344 400 1416 siat,
423 1361 567 1401 remanere
588 1343 641 1416 vis,
665 1361 746 1401 maae
768 1347 794 1401 el
811 1342 926 1417 perfice,
957 1346 988 1401 al
1011 1342 1143 1403 Caesaris
1172 1342 1329 1416 familiari·

153 1453 238 1508 talem
277 1449 460 1525 cmiseaaaris.
520 1450 589 1508 Nou
627 1451 719 1524 igitur
757 1453 917 1524 agebatur,
959 1451 1119 1509 Trebatius
1158 1454 1259 1508 utrum
1297 1451 1329 1507 in

67 1571 70 1576 ·
153 1556 344 1614 Britanniam
367 1558 559 1630 profecturus
583 1560 666 1615 esset
690 1575 792 1626 necne,
819 1557 892 1632 quia
916 1557 1089 1614 Ciceronem
1112 1557 1139 1614 ei
1164 1574 1327 1614 suasurum

153 1662 252 1720 fuisse
282 1665 367 1738 puto,
399 1666 434 1720 ut
464 1664 495 1720 in
528 1664 660 1721 insulam
693 1682 755 1721 una
785 1664 1037 1738 proficisceretur,
1070 1664 1133 1730 sed,
1165 1665 1267 1720 utrum
1297 1663 1328 1718 in

154 1768 255 1826 Gallia
279 1787 440 1827 mansurus
465 1788 505 1827 an
527 1770 654 1828 Romam
685 1788 864 1828 reversurus
897 1774 987 1828 esset.
1034 1770 1101 1840 Qua
1130 1788 1161 1827 re
1192 1769 1223 1826 in
1253 1768 1328 1826 illud

153 1878 274 1950 tempus
299 1876 443 1946 ducimur,
470 1895 531 1953 quo
556 1878 677 1935 omniuo
702 1877 808 1935 inutile
831 1877 890 1935 luit
913 1877 1049 1946 suadere,
1076 1879 1111 1934 ut
1133 1876 1191 1933 iter
1206 1875 1327 1934 Britan-

153 1982 253 2039 nicum
275 1983 397 2041 faceret.
443 1984 570 2069 Litteris¹
590 1985 668 2042 enim
693 1989 723 2042 et
751 1984 960 2061 superioribus
985 1986 1014 2041 et
1038 1983 1184 2059 proximis
1209 2000 1328 2056 semper

153 2107 229 2158 eum,
262 2092 297 2147 ut
328 2091 534 2149 constantiam
557 2094 737 2166 praestaret,
770 2092 896 2150 monuit.
947 2089 991 2148 Ta
1012 2090 1092 2148 made
1114 2088 1236 2162 ineptias
1258 2089 1329 2148 isias

152 2198 177 2252 el
200 2195 339 2255 desideria
361 2197 441 2256 ariis
464 2200 490 2255 et
512 2197 684 2256 arbaaitatis
714 2197 817 2270 imeae
839 2201 873 2270 ei,
900 2215 954 2272 qao
982 2195 1098 2255 cmsilio
1122 2196 1271 2269 profectas
1293 2212 1329 2267 es,

151 2301 183 2359 id
208 2302 382 2360 'assidmlale
420 2306 446 2360 el
477 2303 593 2369 airiaie,
617 2282 782 2378 consequare
816 2301 907 2380 (6,1(.
966 2301 1040 2377 Qaia
1075 2307 1106 2361 ta
1140 2320 1222 2377 arpes
1243 2301 1330 2361 istam

153 2408 324 2466 occasionem
339 2412 365 2466 et
379 2408 553 2480 facultatem,
573 2426 628 2484 aaa
642 2408 743 2468 melior
761 2427 912 2484 aampaam
928 2409 1090 2482 reperialar
1113 2408 1152 2485 (8,
1164 2409 1203 2486 2).
1250 2407 1328 2466 Nam

147 2513 313 2586 primorum
343 2513 480 2572 maasiam
511 2513 612 2573 litteris
639 2514 695 2574 tais
726 2515 895 2574 rebemealer
925 2515 1125 2588 cmamcaebar,
1155 2515 1228 2590 qaod
1257 2513 1329 2573 mibi

152 2620 294 2679 iaierdam
325 2654 369 2662 -
395 2638 469 2695 pace
503 2624 552 2680 laa
583 2621 708 2680 diaerim
745 2657 790 2663 —
824 2622 893 2680 levis
926 2621 957 2680 ia
991 2620 1070 2680 ariis
1106 2620 1329 2695 arbaaitatisqae

153 2726 304 2800 desiderio,
341 2727 483 2786 ialerdam
515 2727 614 2802 piper,
654 2728 795 2788 iaterdam
836 2727 952 2787 timidas
988 2728 1020 2787 ia
1058 2728 1152 2786 dabore
1181 2726 1327 2801 militiari,

152 2850 232 2907 saepe
261 2833 355 2907 eliam,
385 2835 458 2910 paud
487 2853 506 2893 a
536 2839 562 2893 le
583 2835 812 2895 maamsimama
840 2834 1037 2909 subimpudens
1068 2834 1195 2893 videbare
1223 2833 1285 2912 (17,
1300 2834 1327 2911 1(

152 2944 183 2998 et
199 2941 318 3000 deiude:
342 2940 479 3001 Plambas
502 2946 528 3000 te
541 2942 655 3002 bertari
672 2960 729 3002 aaa
744 2942 838 3002 dabam
851 2946 962 3002 alatam
976 2960 1073 3002 mamea
1087 2960 1172 3018 aenae
1186 2941 1328 3001 amicitiae

152 3046 361 3118 confirmandae
384 3048 540 3108 clarissimi
562 3053 589 3108 et
610 3049 803 3125 imeralissim,
823 3049 885 3108 viri
905 3068 990 3126 aenae
1004 3049 1144 3109 mialaris
1158 3047 1328 3123 provinciae

150 3171 235 3229 aenae
260 3154 360 3213 aetatis
385 3156 478 3230 mapis
506 3155 637 3215 idoneam
668 3161 782 3231 tempas,
813 3157 840 3216 si
868 3157 921 3216 iac
949 3156 1089 3222 amiseris,
1114 3159 1140 3213 le
1162 3172 1217 3214 esse
1239 3155 1328 3213 allam

152 3277 284 3334 amquam
310 3265 490 3333 reperturam
523 3261 557 3339 (c.
575 3262 614 3339 3).
666 3262 871 3335 Intellegimus
905 3263 998 3336 igitur
1028 3261 1276 3319 molestissimum
1300 3261 1327 3317 ei

151 3364 259 3434 fuisse,
285 3383 353 3423 cum
377 3366 541 3440 epistulam
565 3368 593 3425 T.
611 3368 771 3437 scribebat,
803 3368 946 3425 familiari
970 3369 1108 3436 suadere,
1141 3371 1176 3425 ut
1199 3368 1326 3426 Romam

151 3473 352 3529 reverteretur
375 3475 430 3530 aut
457 3474 487 3531 in
505 3474 606 3531 Gallia
629 3477 773 3543 maneret,
800 3492 868 3533 cum
892 3478 984 3533 antea
1000 3476 1189 3549 speravisset
1204 3493 1272 3533 eum
1295 3474 1327 3533 in

151 3576 339 3635 Britanniam
369 3580 481 3637 iturum
513 3599 597 3639 esse:
660 3580 704 3640 Ta
733 3580 782 3657 qai
811 3581 843 3641 ia
875 3581 972 3640 celeris
1003 3599 1099 3640 meere
1129 3581 1265 3655 didicisti,
1295 3581 1327 3640 ia

151 3683 311 3743 Brittania
339 3703 374 3744 ae
403 3686 438 3744 ab
468 3687 617 3747 essedariis
646 3687 809 3762 decipiaris,
838 3692 932 3747 caveto
1107 3686 1147 3764 (6,
1159 3688 1198 3767 2).
1262 3687 1326 3763 Epo

150 3795 259 3850 uestras
285 3790 474 3852 Britannicas
504 3793 613 3853 litteras
642 3798 770 3868 casperio
800 3794 840 3873 (8,
852 3794 891 3873 2).
945 3795 1027 3853 Haec
1065 3797 1160 3853 verba
1198 3798 1328 3855 exeunte

151 3917 254 3957 mense
292 3900 378 3958 Iunio
425 3901 551 3976 scripta¹
584 3903 726 3960 videntur
770 3919 847 3960 esse.
900 3902 1006 3978 Itaque
1046 3902 1217 3960 Ciceronem
1255 3904 1327 3977 post

151 4006 181 4063 id
204 4009 325 4082 tempus
349 4006 438 4065 Balbi
461 4011 516 4066 aut
539 4009 641 4079 Quinti
663 4009 766 4067 fratris
797 4009 907 4067 litteris
939 4009 975 4066 de
999 4009 1140 4068 Trebatio
1171 4009 1202 4066 iu
1226 4009 1327 4067 Gallia

152 4116 324 4173 remanente
348 4114 504 4173 certiorem
527 4115 644 4173 factum
668 4134 736 4174 esse
761 4116 987 4194 cognoscimus3
1017 4134 1115 4191 neque
1147 4116 1225 4174 enim
1252 4115 1325 4173 Tre-

152 4218 255 4277 batius
286 4221 352 4297 ipse
384 4225 450 4279 tum
483 4222 656 4299 scripserat,
690 4227 725 4281 ut
756 4222 861 4298 primis
893 4223 958 4281 eius
990 4222 1140 4298 epistulae
1172 4224 1200 4282 7.
1225 4223 1325 4280 verbis
