2970 4822
626 304 848 407 „42-

151 529 259 586 Totius
284 529 361 586 enim
392 530 434 587 rei
458 529 548 604 quasi
572 529 663 587 cardo
696 529 727 586 in
756 546 791 586 eo
815 531 965 597 versatur,
1000 534 1035 586 ut
1065 530 1147 586 certo
1179 528 1325 596 sciamuS,

151 635 274 710 quando
304 638 438 694 extrema
468 636 601 711 epistula
624 635 742 693 Gallica
765 636 840 693 data
864 636 917 705 sit;
950 637 1135 710 quapropter
1157 636 1216 692 hoc
1239 635 1325 710 prius

150 742 395 816 investigandum
419 745 474 802 est.

239 849 360 907 Marcus
384 849 470 917 enim,
496 850 675 925 priusquam
699 849 861 924 epistulam
878 849 903 906 ll
920 848 967 906 14.
992 849 1143 916 scriberet,
1170 867 1190 905 a
1213 842 1325 917 Quinto

151 959 315 1014 extremam
339 955 486 1014 Gallicam
510 956 665 1030 accepisse
688 956 816 1024 videtur,
842 956 873 1013 id
897 955 979 1030 quod
999 956 1099 1013 verbis
1116 955 1326 1028 cognoscitur:

150 1060 257 1120 Scribis
288 1061 363 1120 enim
393 1066 419 1120 te
448 1080 523 1120 meos
553 1060 663 1120 litteras
692 1062 850 1138 superiores
882 1062 935 1120 circ
964 1061 1051 1136 tepere
1075 1061 1203 1135 potuisse
1236 1059 1262 1138 (c
1289 1060 1326 1137 1).

151 1169 236 1227 Certe
271 1186 374 1227 mense
409 1168 533 1240 Quintili
568 1169 681 1226 Romae
716 1187 754 1226 ea
787 1169 906 1227 reddita
940 1172 996 1237 est,
1037 1169 1110 1244 quia
1143 1169 1239 1226 Marci
1273 1167 1328 1225 illa

151 1275 284 1351 epistula
316 1278 388 1350 post
418 1276 490 1332 ldus
520 1275 539 1333 i.
564 1294 589 1333 e.
620 1282 753 1333 extremo
794 1294 895 1334 mense
927 1276 1052 1346 Quintili
1087 1275 1236 1351 rescripta
1266 1277 1324 1343 est,

151 1400 248 1457 neque
272 1382 446 1440 accuratius
477 1385 597 1457 tempus
629 1382 780 1457 explorari
810 1385 922 1457 potest.
968 1383 1061 1458 Atqui
1093 1401 1171 1457 quae
1195 1382 1327 1451 Quintus

151 1490 187 1546 de
202 1489 305 1546 fratris
322 1488 423 1547 litteris
437 1488 630 1564 serperiorebes
653 1490 774 1563 scripsit
788 1506 849 1546 non
874 1489 911 1547 ad
929 1489 1092 1564 epistulam
1108 1489 1134 1546 ll
1150 1489 1197 1546 13.
1221 1488 1326 1546 referri

152 1614 246 1670 supra
272 1596 477 1654 conclusimus
502 1594 540 1672 (p.
557 1595 713 1672 23-24);
738 1613 809 1669 ergo
825 1614 862 1653 ne
879 1614 916 1653 ea
932 1597 1052 1672 quidem
1069 1595 1220 1671 epistulae
1236 1595 1262 1652 Il
1279 1595 1326 1652 13.

149 1703 296 1783 terminus
330 1702 484 1760 statuitur.
515 1702 692 1772 Significare
727 1703 805 1760 enim
843 1703 964 1760 videtur
1000 1702 1130 1772 Quintus
1162 1701 1326 1776 epistulam

149 1810 227 1866 inter
250 1808 340 1866 1112.
373 1812 403 1867 et
430 1809 524 1866 1113.
557 1810 701 1883 scriptam
737 1808 783 1885 (of.
814 1808 944 1885 ibidem),
982 1827 1060 1884 quae
1095 1809 1230 1866 fortasse
1264 1809 1325 1865 iam

151 1915 251 1972 medio
275 1932 377 1994 mense
401 1915 493 1972 Junio
518 1915 549 1971 in
573 1916 639 1973 eius
663 1915 804 1973 manibus
827 1916 895 1973 luit.
942 1915 1015 1973 Cum
1039 1917 1077 1973 ad
1106 1934 1173 1973 eam
1196 1915 1325 1991 rescrip-

152 2021 247 2078 sisset
278 2039 294 2077 e
326 2020 435 2088 Gallia,
467 2020 587 2079 litterae
618 2022 902 2080 intermittebantur.
955 2021 1062 2097 Itaque
1085 2021 1324 2080 intervallumh

151 2127 282 2202 amplius
307 2128 430 2194 dierum,
457 2145 517 2202 quo
542 2127 662 2184 Marcus
687 2128 775 2186 valde
799 2130 975 2201 angebatur,
1002 2129 1071 2186 inde
1093 2129 1183 2186 facile
1196 2128 1324 2187 ducitur.

240 2234 398 2292 Postremo
422 2234 580 2309 inquiram,
607 2235 658 2308 qui
681 2235 797 2292 tactum
822 2236 872 2303 sit,
908 2238 944 2292 ut
974 2235 1025 2292 illo
1048 2239 1183 2310 tempore
1207 2235 1325 2292 litterae

151 2341 431 2410 intermitterentur;
457 2341 538 2416 quod
561 2341 621 2398 tuit
644 2343 683 2399 ab
707 2360 734 2402 a.
759 2342 785 2400 d.
809 2342 856 2400 XI.
880 2342 947 2401 Kal.
965 2342 1057 2408 Sext,
1082 2360 1143 2417 quo
1167 2342 1325 2416 navigatio

151 2448 237 2505 facta
259 2451 316 2516 est,
341 2450 470 2523 tempus,
497 2448 546 2506 hic
570 2448 707 2506 omittere
730 2448 814 2516 licet;
839 2448 985 2524 reliquam
1009 2452 1111 2506 autem
1131 2449 1241 2522 viginti
1264 2449 1325 2505 fere

152 2555 285 2630 quinque
310 2555 423 2612 dierum
447 2572 485 2612 ex
507 2557 598 2613 rebus
623 2554 747 2612 Gallicis
771 2554 861 2612 facile
885 2554 1062 2630 explicatur.
1109 2555 1222 2613 Caesar
1237 2555 1323 2621 enim,

151 2664 327 2738 priusquam
351 2662 382 2719 in
405 2662 594 2719 Britanniam
617 2662 766 2730 traiceret,
799 2663 830 2719 111
854 2665 944 2736 portu
968 2662 1033 2730 itio,
1069 2680 1129 2736 quo
1161 2662 1324 2719 exercitum

152 2771 298 2842 coegerat,
325 2771 448 2843 propter
472 2768 540 2826 Cori
563 2768 647 2826 venti
669 2769 860 2843 iniquitatem
875 2768 957 2824 XXV
980 2768 1041 2826 iere
1058 2769 1123 2826 dies
1139 2769 1325 2826 retinebatur

152 2873 230 2951 <bell
246 2893 273 2949 g.
290 2874 325 2942 V,
341 2874 380 2953 7).
426 2876 491 2945 Quo
524 2875 627 2950 spatio
657 2875 776 2933 litterae
807 2876 948 2933 videntur
971 2876 1164 2933 intermissae
1188 2893 1266 2942 esse,
1295 2873 1324 2932 id

153 2982 234 3056 quod
259 2985 337 3039 certe
360 2981 475 3038 factum
500 2984 547 3038 est
571 2981 711 3039 Caesaris
734 2982 870 3056 imperio,
897 2983 946 3039 cui
969 2999 1005 3040 eo
1028 2982 1150 3040 facilius
1176 2983 1324 3056 obseque-

153 3090 271 3156 bantur,
298 3088 379 3163 quod
403 3089 469 3145 eius
493 3088 644 3146 tabellarii
662 3088 720 3146 soli
736 3089 860 3146 nuntios
877 3089 1005 3147 Romam
1021 3088 1218 3163 pertulerunt.
1249 3089 1324 3145 Ante

152 3195 234 3252 illam
266 3196 344 3252 enim
366 3195 448 3252 XXV
483 3195 596 3252 dierum
632 3195 897 3253 commorationem
932 3214 952 3252 a
986 3195 1115 3253 Caesare
1150 3199 1181 3253 et
1215 3194 1323 3265 Quinto

152 3301 282 3377 aliisque
306 3302 424 3360 litteras
448 3306 600 3360 extremas
625 3301 759 3359 Gallicas
782 3302 910 3360 Romam
942 3303 1032 3360 datas
1060 3319 1129 3360 esse
1154 3317 1323 3368 censemus;

152 3414 216 3465 tum
247 3409 391 3482 proximis
424 3409 531 3466 diebus
563 3408 726 3466 exercitum
757 3409 918 3466 traiectum
949 3409 986 3466 iri
1017 3410 1208 3483 sperabatur.
1255 3407 1332 3475 Cum

153 3516 256 3571 autem
280 3514 374 3572 Corus
398 3518 510 3571 ventus
536 3517 622 3572 ortus
647 3517 737 3582 esset,
763 3533 848 3572 mora
876 3515 907 3572 in
939 3516 1003 3573 dies
1034 3515 1131 3572 maior
1164 3515 1249 3572 faeta
1280 3515 1326 3570 est

152 3638 250 3695 neque
286 3621 398 3678 Caesar
432 3621 571 3678 nuntium
606 3622 685 3678 mitti
719 3622 830 3690 voluit,
876 3640 912 3680 ne
951 3623 1089 3680 homines
1124 3621 1255 3680 Romani
1289 3621 1324 3677 de

153 3728 388 3786 commoratione
413 3727 557 3785 certiores
581 3728 654 3785 facti
678 3728 776 3785 falsos
800 3745 936 3786 rumores
961 3729 1131 3803 anxiosque
1155 3728 1323 3794 tunderent,

153 3835 226 3910 quia
249 3834 403 3908 superiore
426 3834 494 3909 ipso
519 3852 599 3891 anno
624 3835 774 3893 exercitus
802 3835 999 3908 navigatione
1022 3835 1200 3892 Britannica
1232 3834 1327 3891 multa

153 3942 332 3998 detrimenta
370 3944 506 4014 ceperat3
545 3944 702 4015 praeterea
739 3942 834 4016 primo
873 3959 995 4016 quoque
1032 3944 1168 4017 tempore
1208 3941 1325 3998 litteras

152 4048 344 4105 Britannicas
376 4047 498 4122 perferri
529 4065 621 4121 posse
653 4049 836 4122 sperandum
870 4051 943 4107 erat.
996 4049 1043 4107 Ita
1074 4048 1176 4105 Marco
1212 4047 1325 4105 dierum

153 4154 284 4228 amplius
318 4154 341 4211 L
374 4154 535 4212 intervallo
571 4154 645 4211 nihil
679 4173 699 4212 a
732 4155 833 4222 tratre,
871 4155 945 4211 nihil
980 4174 999 4212 a
1031 4155 1160 4212 Caesare
1196 4153 1327 4212 adfluxit

153 4260 204 4337 (ΙΙΙ
221 4262 250 4330 3,
264 4259 291 4327 ll
316 4263 355 4330 et,
380 4278 448 4319 cum
471 4261 662 4336 aliquantum
684 4262 830 4336 temporis
853 4262 970 4319 frustra
997 4261 1250 4336 exspectavisset,
1282 4260 1327 4317 ita
