2984 4830
633 328 856 393 ⁵-38—

159 513 262 589 capito,
303 512 334 572 in
372 512 571 572 ambulationis
612 517 719 587 tompus
756 513 816 585 fere
858 513 980 585 confere.
1033 512 1126 587 Atqui
1165 529 1264 586 neque
1303 512 1335 569 iu

159 621 314 697 superiore
346 621 479 695 epistula
502 621 531 678 2.
564 638 661 696 neque
691 620 722 677 in
750 620 888 694 proxima
911 619 950 688 4.,
986 635 1067 700 quae
1099 620 1137 676 ab
1170 636 1208 676 ea
1239 617 1334 693 paulo

159 727 282 795 distant,
309 728 375 786 eius
399 728 516 801 generis
541 727 680 802 querelae
704 726 810 784 insunt
833 744 931 801 neque
955 743 1076 793 causas,
1110 725 1222 799 quibus
1247 742 1334 782 omne

159 852 248 892 suum
264 837 385 909 tempus
398 837 596 901 consumeret,
623 833 811 891 memoravit
843 833 953 891 Gabini
977 833 1055 890 enim
1071 849 1164 889 unum
1188 831 1334 889 iudicium

157 943 223 998 tum
254 941 352 999 fuisse
375 941 504 1006 videtur,
537 941 568 997 in
601 957 662 1014 qno
687 939 790 998 Cicero
822 958 883 997 non
915 939 1057 997 defensor
1079 939 1129 996 vel
1159 940 1332 1015 accusator,

159 1048 212 1105 sed
243 1048 334 1106 testis
365 1048 426 1105 fuit
452 1045 492 1122 (4,
509 1046 552 1123 3);
588 1064 657 1120 ergo
693 1064 761 1104 eum
785 1064 905 1105 reorum
940 1047 1044 1104 causis
1078 1063 1181 1103 meuse
1213 1045 1335 1103 Octobri

158 1154 248 1212 valde
272 1157 455 1229 occupatum
477 1154 574 1211 fuisse
597 1153 644 1221 iis,
676 1171 755 1228 quae
780 1154 815 1210 de
839 1155 930 1211 rebus
954 1153 1084 1228 publicis
1109 1152 1332 1226 cognoscimus,

158 1278 219 1318 non
244 1261 448 1318 confirmatur.
489 1260 602 1335 ltaque
626 1261 725 1318 denuo
750 1260 787 1317 ad
814 1260 896 1316 aliud
920 1263 1039 1334 tempus
1065 1259 1209 1316 ducimur.

249 1367 364 1437 Quibus
389 1366 530 1426 omnibus
554 1367 742 1441 argumentis
767 1366 880 1424 clarum
904 1366 964 1423 iam
988 1366 1109 1424 videtur
1132 1383 1201 1424 esse
1217 1365 1335 1441 epistu-

158 1474 219 1531 lam
243 1475 271 1531 3.
296 1491 333 1531 ex
357 1474 477 1532 duabus
502 1473 641 1550 partibus
666 1474 773 1532 alienis
799 1473 999 1548 compositam
1023 1473 1213 1548 prioremque
1237 1472 1334 1531 multo

158 1583 229 1638 autc
261 1581 389 1639 alteram
421 1581 565 1655 scriptam
597 1597 674 1638 esse.
727 1582 772 1637 Ac
803 1580 831 1638 si
862 1580 1061 1637 demonstrari
1093 1582 1196 1655 potest
1227 1596 1334 1638 omnes

157 1687 227 1746 illas
255 1705 312 1755 res,
347 1705 424 1763 quas
449 1706 469 1745 a
490 1705 594 1746 mense
618 1687 740 1744 Octobri
771 1687 888 1744 alienas
913 1704 982 1744 esse
1006 1685 1143 1760 exposui,
1160 1686 1215 1743 ad
1249 1685 1335 1743 aliud

157 1797 278 1869 tempus
299 1796 375 1852 bene
399 1794 510 1862 referri,
538 1794 708 1852 certissima
731 1812 779 1851 res
802 1794 847 1851 fit.

247 1901 412 1958 Videamus
428 1917 517 1979 nunc,
533 1917 594 1975 quo
610 1903 745 1975 tempore
760 1901 842 1974 prior
858 1900 1006 1974 epistulae
1023 1900 1051 1958 3.
1067 1917 1138 1975 pars
1155 1917 1176 1956 a
1191 1899 1335 1958 Cicerone

158 2007 273 2082 scripta
295 2007 345 2065 sit.
390 2008 492 2082 Atque
515 2007 563 2075 iis,
597 2025 676 2082 quae
708 2010 781 2064 sunt
804 2007 840 2064 de
873 2007 1048 2082 suspicione
1075 2006 1227 2082 pactionis
1259 2024 1335 2065 con·

158 2113 268 2182 sulum,
301 2116 372 2170 ante
396 2131 529 2171 mensem
554 2114 759 2187 Septembrem
783 2114 843 2171 iam
868 2114 989 2171 deducti
1013 2131 1129 2172 sumus
1176 2113 1239 2170 lam
1265 2131 1335 2171 cum

157 2222 251 2278 verba
275 2221 310 2277 de
334 2219 502 2278 litterarum
534 2220 759 2278 intermissione
793 2221 874 2278 dicta
904 2221 1092 2288 adhibemus,
1126 2238 1192 2277 eam
1216 2222 1334 2294 partem

158 2330 229 2384 ante
245 2327 370 2400 primam
395 2327 556 2401 epistulam
574 2327 780 2385 Britannicam
805 2346 824 2384 a
838 2327 941 2386 Marco
966 2329 1123 2402 acceptam
1146 2327 1335 2385 referendam

158 2451 227 2491 esse
261 2433 472 2508 intellegimus.
527 2434 635 2509 Itaque
666 2434 744 2492 inter
768 2433 919 2509 epistulas
942 2433 1037 2493 1114.
1062 2436 1093 2491 51
1118 2433 1167 2491 15.
1191 2434 1335 2508 ponenda

158 2542 213 2598 est.
259 2540 334 2598 Tum
366 2541 444 2598 enim
467 2540 559 2615 longa
591 2541 759 2598 litterarum
790 2541 975 2598 intermissio
1006 2541 1074 2608 fuit,
1107 2541 1136 2598 id
1170 2541 1253 2616 quod
1284 2541 1333 2598 his

158 2649 249 2705 rebus
281 2649 374 2722 patet.
421 2647 562 2723 Epistula
585 2647 672 2705 1115.
696 2666 723 2705 a.
746 2648 772 2705 d.
794 2648 843 2705 XI.
863 2647 929 2706 Kal.
952 2647 1033 2721 Sept.
1057 2648 1172 2727 scripta
1202 2651 1250 2706 est
1280 2643 1334 2729 (cf.

156 2773 185 2829 p.
206 2750 266 2835 14),
293 2756 458 2829 postquam
481 2754 574 2829 paulo
599 2758 670 2812 ante
694 2755 808 2829 primae
831 2755 951 2812 litterae
975 2773 991 2812 e
1014 2755 1173 2812 Britannia
1196 2755 1333 2812 advene-

156 2864 240 2930 runt3
276 2861 408 2935 epistula
441 2864 543 2919 autem
570 2860 618 2918 14.
652 2880 754 2919 mense
786 2861 911 2931 Quintili
944 2861 1018 2919 data
1049 2860 1147 2919 elucet
1180 2864 1333 2920 extremas

157 2967 291 3024 Gallicas
320 2971 411 3024 antea
434 2967 568 3024 redditas
598 2985 674 3036 esse,
701 2968 843 3042 quoniam
874 2968 952 3025 inter
975 2968 1124 3042 epistulas
1150 2968 1199 3026 14.
1225 2972 1256 3026 et
1283 2968 1332 3028 15.

157 3073 242 3130 nulla
265 3073 328 3130 5115
349 3073 476 3132 interest
499 3091 597 3149 neque
612 3077 677 3131 tum
701 3074 779 3132 alias
796 3075 930 3132 Gallicas
951 3075 1114 3133 advenisse
1131 3076 1332 3133 demonstrari

156 3183 267 3254 potest.
306 3180 467 3239 Habemus.
486 3181 577 3255 igitur
592 3181 786 3240 intervallum
811 3182 888 3240 satis
905 3199 1057 3256 magnum,
1084 3200 1144 3258 quo
1161 3182 1332 3240 litterarum

155 3288 340 3346 intermissio
363 3288 429 3346 iuit.
476 3289 534 3346 Sed
559 3290 737 3363 priusquam
769 3289 805 3346 de
837 3308 874 3346 ea
904 3307 935 3347 re
966 3290 1141 3346 accuratius
1171 3289 1329 3357 disseram,

156 3412 227 3450 num
251 3395 330 3452 aliae
353 3413 401 3452 res
426 3396 618 3463 conveniant,
643 3396 853 3470 inquirendum
877 3398 933 3454 est.

245 3501 345 3575 Atque
378 3519 480 3559 mense
513 3502 628 3569 Sextili,
664 3505 827 3577 antequam
860 3501 993 3578 epistula
1016 3502 1104 3562 1115.
1138 3503 1330 3570 scriberetur,

155 3607 245 3664 iacile
268 3607 334 3664 iieri
357 3610 487 3682 poterat,
513 3610 548 3664 ut
571 3608 607 3665 de
630 3608 683 3665 illa
706 3609 847 3681 pactione
871 3608 1030 3666 consulum
1054 3611 1084 3666 et
1105 3609 1232 3666 duorum
1256 3626 1331 3666 can·

156 3714 328 3772 didatorum
353 3714 431 3771 olam
453 3714 537 3771 iacta
567 3732 702 3772 rumores
727 3716 808 3788 apud
832 3716 969 3773 homines
992 3716 1148 3774 Romanos
1172 3718 1277 3773 essent
1301 3718 1332 3773 et

156 3821 292 3895 suspicio
316 3823 473 3895 pactorum
498 3821 699 3896 praemiorum
727 3821 758 3878 in
782 3822 846 3879 dies
871 3825 1039 3896 augeretur.
1085 3823 1226 3880 Ambitus
1250 3822 1331 3880 enim

155 3927 201 3985 ita
227 3927 363 3995 ardebat,
396 3929 430 3984 ut
461 3927 564 3986 Idibus
589 3928 687 3999 Quint.
719 3928 828 3986 faenus
860 3929 947 3986 fieret
977 3928 1120 3986 bessibus
1152 3947 1190 3986 ex
1220 3929 1331 3988 triente

156 4032 220 4109 (Qu.
236 4034 272 4092 ir.
288 4033 313 4090 11
329 4033 378 4102 14,
389 4033 422 4103 4;
446 4034 508 4091 Att.
524 4034 563 4091 IV
579 4034 628 4103 15,
640 4032 679 4108 l).
714 4035 849 4093 Exeunte
872 4036 941 4109 ipso
966 4052 1067 4093 mense
1084 4035 1209 4106 Quintili
1226 4035 1330 4095 Cicero

155 4141 196 4198 ad
219 4141 353 4198 Atticum
384 4142 459 4198 haec
482 4141 590 4214 gravia
622 4141 757 4216 scripsit:
789 4140 956 4199 Memmium
980 4139 1112 4200 Caesaris
1142 4158 1236 4200 omncs
1266 4159 1332 4216 opes

155 4244 333 4316 continuant.
388 4245 459 4305 Oum
492 4264 523 4305 co
556 4246 718 4306 Domitium
751 4248 874 4307 consula
909 4247 1070 4320 ituraeorum,
1104 4265 1158 4324 quo
1187 4249 1331 4323 pactione,
