2970 4822
595 334 818 392 ,41-

114 513 240 590 quadum
278 513 398 587 epistula
431 512 498 588 quia
532 512 669 571 cuueuute
702 512 740 570 ud
770 516 796 571 te
822 512 1031 586 perscriberem
1060 514 1296 588 interpretanda.

121 622 242 692 Quibus
267 621 406 690 efficitur,
436 623 470 678 ut
502 621 606 678 eadem
631 620 684 677 illa
707 619 850 694 epistula,
884 638 976 695 quam
1000 623 1071 678 ante
1094 620 1134 678 Ill
1151 620 1296 688 3,1-2.

121 729 157 784 de
181 728 323 785 villarum
346 729 436 785 rebus
461 728 499 784 ad
523 727 646 784 fratrem
669 727 790 784 Marcus
814 727 905 795 misit,
939 727 1067 785 deviae
1091 730 1121 784 et
1144 745 1243 801 aquae
1265 727 1297 785 in

117 835 200 892 villis
226 834 382 902 ducendae
405 834 588 892 difficultate
612 833 778 910 scripserit.
817 833 850 890 In
871 834 992 891 Arcano
1017 834 1104 902 enim,
1129 837 1165 891 ut
1187 836 1298 908 postea

119 943 205 1010 vidit,
231 959 314 1017 aqua
337 941 434 998 minor
456 941 582 1009 fluebat,
616 942 651 997 ut
673 940 838 999 Mescidius
868 943 898 997 et
921 940 1105 998 Philoxenus
1130 940 1297 999 uberiorem

118 1068 153 1108 se
182 1049 341 1123 aliquanto
374 1047 555 1106 collecturos
587 1065 655 1105 esse
687 1048 912 1122 promitterent;
943 1047 974 1104 in
1004 1047 1193 1122 Laterioque,
1229 1065 1297 1104 cum

121 1157 173 1214 via
196 1158 226 1213 et
249 1173 332 1230 aqua
356 1155 523 1222 duceretur,
558 1157 589 1212 et
618 1153 678 1212 loci
709 1154 856 1229 iniquitas
881 1157 911 1212 et
934 1154 1101 1214 vicinorum
1125 1154 1297 1211 inhumani-

117 1266 200 1321 tates
226 1262 418 1337 superandae
442 1263 536 1319 erant.
588 1261 671 1330 Quae
704 1261 914 1330 difficultates,
948 1279 1016 1319 cum
1047 1262 1086 1319 ab
1117 1261 1203 1319 initio
1235 1279 1297 1318 non

122 1350 200 1428 satis
232 1369 375 1444 provisae
409 1371 528 1436 essent,
564 1368 642 1425 inter
677 1368 900 1425 aedificandum
936 1370 1021 1426 ortae
1056 1367 1198 1426 videntur
1228 1386 1298 1426 esse

118 1494 217 1551 neque
242 1476 304 1533 veri
328 1474 476 1533 dissimile
500 1477 548 1532 est
565 1477 673 1549 putare
690 1474 726 1532 de
742 1474 790 1532 his
812 1492 934 1550 quoque
950 1474 1092 1542 Marcum,
1119 1475 1298 1550 priusquam

120 1600 203 1656 quae
226 1583 349 1640 suntlll
368 1582 504 1650 3‚1-2.
529 1582 681 1649 scriberet,
701 1582 727 1638 'a
750 1582 990 1656 redemptoribus
1011 1581 1167 1639 certiorem
1182 1581 1297 1638 factum

121 1707 199 1746 esse.
252 1689 338 1759 Quod
370 1707 438 1746 cum
470 1689 681 1763 comperisset,
713 1688 800 1745 fratri
831 1688 991 1746 nuntiasse
1021 1687 1156 1751 videtur:
1176 1689 1298 1767 'postea

117 1799 224 1853 autern
252 1796 282 1853 in
314 1795 396 1853 villis
428 1795 627 1853 difficultates
661 1795 770 1869 partim
802 1794 942 1852 sublatas
973 1794 1090 1852 invenit
1119 1795 1296 1869 iterumque,

115 1903 274 1977 quomodo
297 1920 345 1959 res
370 1921 403 1960 se
419 1902 573 1970 haberent,
593 1902 726 1976 epistula
748 1902 787 1959 lll
807 1903 832 1962 1.
856 1902 942 1959 fratri
966 1902 1090 1960 rettulit.
1130 1902 1179 1959 Sic
1196 1902 1299 1959 omnia

121 2010 198 2066 bene
222 2011 303 2067 stare
329 2009 477 2067 videntur.

211 2116 366 2185 Quaenam
390 2115 482 2173 fuerit
504 2116 558 2172 illa
582 2116 716 2190 epistula
739 2117 775 2172 de
800 2118 890 2173 rebus
914 2115 1080 2173 rusticanis
1105 2116 1221 2189 scripta
1244 2133 1298 2189 pro

114 2225 203 2280 certo
227 2223 286 2279 dici
310 2240 370 2280 non
394 2225 505 2297 potest,
532 2223 604 2297 quia
633 2222 747 2279 nullam
780 2225 850 2279 ante
874 2222 914 2279 III
933 2222 959 2280 1.
990 2222 1146 2290 habemus
1182 2222 1212 2279 in
1237 2240 1299 2296 qua

115 2330 158 2387 de
182 2329 220 2387 iis
244 2329 391 2403 scriptum
415 2332 470 2387 est.
493 2329 638 2405 Equidem
663 2328 826 2403 epistulam
846 2328 939 2386 1114.
962 2329 1061 2387 tuisse
1085 2329 1204 2405 opinor,
1231 2346 1299 2386 cum

115 2435 240 2510 integra
262 2454 323 2494 non
355 2436 396 2493 sit
419 2438 450 2492 et
473 2437 504 2493 in
536 2438 679 2502 extrema.
714 2453 792 2511 quae
826 2435 942 2510 perisse
973 2435 1100 2504 videtur,
1133 2440 1219 2510 parte
1250 2453 1298 2493 res

119 2543 261 2618 privatas
285 2543 414 2600 infuisse
437 2543 518 2600 haud
543 2543 608 2600 sine
631 2543 847 2616 probabilitate
871 2543 1066 2600 coniciamus.

211 2649 317 2707 Omnia
340 2668 419 2707 nunc
443 2651 583 2707 videntur
607 2667 676 2707 esse
699 2652 817 2725 parata,
843 2653 879 2706 ut
909 2649 1083 2706 accuratius
1112 2651 1296 2716 statuamus,

120 2773 187 2833 qua
209 2733 327 2815 ratione
352 2756 544 2814 intervallum
560 2756 583 2812 L
600 2756 730 2830 amplius
755 2757 879 2824 dierum,
905 2774 965 2831 quo
983 2755 1085 2825 Quinti
1109 2757 1139 2812 et
1160 2755 1298 2812 Caesaris

116 2861 241 2920 litterae
281 2864 473 2921 intermissae
508 2866 589 2931 sunt,
626 2881 663 2921 ex
697 2863 749 2922 illo
785 2863 931 2938 temporis
960 2863 1062 2936 spatio
1099 2865 1297 2937 computetur.

117 2970 220 3044 Atque
255 2971 426 3028 invenimus
462 2971 575 3044 primas
610 2970 728 3028 litteras
759 2970 953 3028 Britannicas
989 2971 1069 3027 cirea
1103 2988 1130 3029 a.
1164 2970 1191 3028 d.
1223 2969 1298 3030 XIII.

119 3074 189 3133 Kal.
211 3078 292 3152 Sept.
325 3077 459 3135 redditas
492 3076 540 3155 (ci.
563 3096 592 3153 p.
612 3078 666 3152 15)
701 3080 731 3134 et
763 3070 922 3135 Caesarem
953 3095 980 3134 a.
1009 3077 1037 3136 d.
1061 3077 1108 3133 XI.
1125 3076 1191 3138 Kal.
1216 3077 1297 3135 Sext.

115 3184 152 3240 in
190 3184 378 3242 Britanniam
425 3185 557 3242 exercItu
597 3184 766 3260 profectum
811 3203 888 3242 esse.
949 3183 1014 3241 Hoc
1052 3184 1144 3257 igitur
1180 3183 1299 3240 XXVIII

120 3290 237 3347 dierum
270 3292 371 3366 spatio
409 3292 533 3348 nuntius
565 3292 693 3348 Romam
725 3308 786 3347 non
820 3293 868 3347 est
896 3290 1041 3365 perlatus.
1087 3291 1131 3346 Ac
1155 3291 1299 3364 quoniam

121 3396 296 3455 Ciceronem
319 3397 513 3455 intervallum
536 3397 559 3453 L
584 3398 715 3470 amplius
740 3397 854 3453 dierum
887 3415 923 3454 ex
955 3415 991 3454 eo
1022 3399 1156 3471 tempore
1180 3396 1297 3466 ducere,

34 3554 38 3559 .
117 3520 184 3579 quo
215 3507 350 3562 extrema
392 3523 407 3560 e
447 3487 548 3561 Gallia
598 3504 694 3562 missa
746 3507 794 3561 est
848 3504 997 3578 epistula,
1053 3521 1146 3579 supra
1191 3497 1230 3584 (p.
1247 3503 1300 3581 36)

117 3611 335 3680 conclusimus,
363 3614 400 3668 ab
425 3629 452 3668 a.
477 3611 503 3670 d.
526 3611 572 3670 XI.
594 3610 660 3668 Kal.
682 3611 763 3667 Sext.
779 3610 888 3684 viginti
910 3610 972 3668 tere
997 3610 1130 3685 quinqua
1159 3611 1223 3669 dies
1248 3612 1300 3668 de-

120 3718 251 3775 ducendi
275 3721 360 3788 sunt;
391 3718 584 3793 pervenimus
609 3719 653 3775 sio
685 3717 715 3774 in
747 3720 912 3774 extremum
945 3735 1077 3774 mensem
1101 3717 1228 3785 Iunium,
1263 3735 1300 3775 ex

116 3841 182 3899 quo
205 3827 339 3899 tempore
363 3825 531 3882 litterarum
562 3824 816 3882 intermissionem
840 3825 936 3882 tuisse
970 3823 1144 3882 conicimus.
1190 3823 1298 3882 Moneo

116 3933 223 3988 autem
242 3931 414 3989 Ciceronem
439 3950 518 4006 quae
542 3934 615 3990 sunt
637 3931 824 3998 ss13‚l—2.
850 3949 911 3988 non
942 3931 1010 4006 ipso
1035 3949 1063 3988 a.
1085 3930 1112 3988 d.
1133 3930 1208 3988 XIII.
1232 3930 1299 3988 Kal.

117 4038 214 4111 Sept,
248 4039 301 4095 sed
334 4038 494 4113 aliquanto
518 4037 663 4112 temporis
696 4040 766 4095 ante
800 4038 972 4117 scrIpsisse3
1005 4039 1154 4113 quantum
1179 4039 1299 4114 tempus

121 4144 330 4202 intercesserit
360 4147 503 4203 accurate
536 4145 594 4202 dici
626 4162 687 4202 non
719 4147 831 4219 potest,
864 4145 943 4202 forte
967 4145 992 4200 V
1019 4144 1068 4202 vel
1101 4145 1203 4219 pluras
1235 4144 1299 4203 dies

116 4251 245 4308 fuerunt
267 4270 374 4327 neque,
401 4252 563 4326 quominus
595 4251 694 4309 maius
720 4252 854 4326 spatium
883 4254 1065 4318 statuamus,
1099 4251 1299 4327 prohibemur.
