2984 4830
664 356 957 440 ..2-.ι

177 537 248 593 ante
277 535 356 592 huno
388 535 464 591 diem
489 567 532 576 -
556 533 680 592 arbitrio
713 533 878 590 statuimus
902 532 978 590 Non.
1002 531 1071 589 Mai.
1089 531 1351 607 —profecturum

176 660 211 700 se
235 659 304 700 esse
327 642 513 716 speraverat.
559 641 603 697 Ac
626 657 664 697 ne
685 638 744 697 hoc
773 639 893 714 quidem
922 639 969 696 die
992 638 1113 696 Marcus
1136 639 1252 696 Romae
1276 639 1349 706 erat,

177 749 258 824 quia,
284 748 312 806 si
334 747 454 816 luisset,
472 747 606 804 Atticum
628 745 814 805 valetudinis
839 763 936 802 causa
957 745 1015 802 iter
1037 745 1178 802 reiecisse
1201 744 1266 818 ipse
1291 744 1351 801 sci-

175 856 276 914 visset
298 872 396 930 neque
419 854 591 912 Vestorium
615 853 645 910 id
670 853 800 910 scribere
824 869 902 926 opus
925 851 1045 919 fuisset,
1079 851 1133 909 sed
1165 854 1258 908 antea
1289 850 1351 908 dis·

176 963 318 1028 cesserat,
345 979 405 1036 quo
429 963 563 1034 tempore
587 960 708 1017 Atticus
733 977 766 1016 se
789 958 850 1016 illis
871 946 970 1016 'Nonis
986 958 1083 1016 Roma
1106 957 1258 1015 abiturum
1283 975 1351 1015 esse

176 1069 305 1136 dixerat;
330 1068 475 1142 scriptum
492 1067 571 1124 enim
592 1069 640 1124 est
655 1067 745 1124 modo
762 1065 941 1124 indicativo:
973 1063 1093 1137 tordius,
1116 1081 1204 1139 questa
1226 1063 1351 1122 diseede.

169 1157 376 1250 Quamquam,
401 1191 462 1249 quo
488 1173 534 1231 die
558 1173 679 1230 Atticus
700 1173 757 1230 iter
772 1172 944 1229 faciendum
961 1171 1105 1239 reiecerit,
1129 1171 1275 1228 incertum
1292 1172 1349 1239 est,

174 1284 277 1338 tamen
299 1281 330 1338 iu
353 1281 482 1355 primum
506 1298 639 1338 mensem
662 1279 775 1337 Maium
799 1279 867 1336 duci
892 1279 1040 1347 videmur;
1070 1296 1132 1353 qna
1154 1296 1185 1335 re
1210 1278 1348 1345 efficitur,

176 1390 209 1445 ut
233 1387 353 1445 Marcus
378 1387 458 1445 circa
480 1387 635 1444 Kalendas
658 1387 720 1444 iere
743 1385 841 1443 Maias
866 1385 1041 1443 discesserit
1063 1385 1167 1444 Roma.

264 1512 388 1580 Deinde,
415 1529 475 1586 quo
499 1514 634 1585 tempore
656 1511 750 1568 irater
781 1510 847 1568 eius
878 1510 1033 1585 profectus
1065 1511 1119 1579 sit,
1151 1510 1226 1568 haec
1256 1512 1352 1570 verba

175 1618 286 1677 indicio
310 1621 395 1677 sunt:
430 1617 515 1677 Duas
536 1617 628 1676 adduc
650 1635 669 1675 a
691 1621 717 1675 te
738 1617 835 1690 accepi
856 1616 1002 1690 epistulas,
1034 1634 1156 1696 quaram
1178 1617 1298 1676 dmum
1321 1617 1351 1676 ia

174 1723 237 1798 ipsc
260 1725 381 1784 discessu
401 1728 507 1797 nostro,
530 1724 650 1783 alteram
673 1721 806 1783 Arimino
830 1723 927 1783 datam
942 1767 949 1781 .
966 1767 973 1781 .
991 1767 1021 1782 ..
1046 1722 1109 1800 (Qu.
1133 1724 1167 1782 ir.
1190 1723 1284 1793 1112,
1313 1722 1350 1800 l).

175 1832 367 1906 Verbumque
397 1833 493 1889 uestro
525 1831 562 1888 de
584 1830 678 1888 Marci
709 1831 806 1889 solius
838 1831 978 1888 discessu
1010 1831 1124 1888 dictum
1155 1847 1223 1888 esse
1255 1834 1347 1906 patet,

175 1938 249 2013 quia
272 1938 439 1996 absurdum
463 1939 511 1995 est
526 1940 635 2012 putare
651 1939 682 1995 et
695 1937 830 1994 Marcum
847 1937 1051 2012 Quintumque
1068 1937 1173 1995 eodem
1190 1937 1237 1994 die
1252 1938 1352 1995 Roma

175 2044 356 2103 discessisse
380 2047 410 2102 et
433 2045 567 2102 Marcum
591 2062 626 2102 eo
651 2045 718 2118 ipso
743 2044 791 2101 die
813 2044 932 2101 litteras
953 2062 973 2100 a
987 2044 1078 2101 fratre
1101 2043 1161 2101 iam
1186 2044 1350 2119 accepisse.

174 2151 267 2208 Immo
292 2151 430 2221 Quintus,
457 2169 524 2208 cum
540 2151 661 2208 Marcus
684 2151 760 2209 abiit
781 2151 886 2215 Roma,
913 2150 1102 2226 aliquantum
1117 2151 1263 2226 temporis
1279 2169 1350 2226 pro-

174 2257 273 2314 fectus
298 2259 371 2315 erat.
409 2258 505 2333 Atqui
528 2258 649 2316 Marcus
673 2258 753 2316 circa
768 2257 922 2316 Kalendas
938 2258 1037 2315 Maias
1054 2258 1139 2327 abiit;
1165 2276 1235 2331 ergo
1248 2259 1351 2327 Quinti

175 2363 322 2438 profectio
347 2367 418 2422 ante
442 2365 500 2422 lroc
522 2368 643 2440 tempus
666 2365 726 2423 fnit
749 2366 766 2424 i.
784 2385 808 2423 e.
833 2367 966 2424 extremo
990 2364 1100 2422 saltem
1124 2382 1226 2422 mense
1246 2365 1349 2439 Aprili.

148 2504 149 2508 =
175 2469 366 2545 Quapropter
382 2468 556 2549 Koerneri1)
574 2473 765 2542 sententiam,
791 2490 869 2547 quae
886 2475 934 2530 est
955 2472 991 2529 de
1008 2471 1119 2541 Quinto
1136 2472 1231 2545 primo
1247 2489 1350 2530 mense

173 2576 255 2635 Maio
280 2578 426 2652 profecto,
452 2582 487 2636 ut
510 2580 642 2653 probem,
669 2598 688 2636 a
712 2598 758 2636 me
774 2580 935 2654 impetrare
952 2596 1013 2636 non
1029 2596 1165 2652 possum.
1188 2579 1350 2653 Minusque

173 2685 279 2759 probo,
305 2686 356 2760 qui
380 2686 417 2743 de
440 2686 508 2760 ipso
533 2703 635 2744 mense
658 2686 767 2743 Martio
793 2686 1013 2758 cogitaverunt,
1038 2688 1074 2743 ut
1097 2682 1202 2762 nrey2)
1228 2685 1349 2761 aliique.

264 2808 381 2866 (leriam
413 2810 505 2866 huius
536 2810 579 2867 rei
610 2809 822 2868 diiudicandae
857 2827 964 2866 ansam
995 2827 1032 2867 ne
1066 2810 1198 2884 epistula
1229 2811 1349 2885 quidem

174 2933 253 2990 quae
277 2917 325 2972 est
340 2916 393 2986 Qu.
409 2916 444 2973 ir.
458 2915 484 2973 ll
501 2915 548 2973 12.
573 2916 730 2984 habemus,
756 2917 837 2991 quia,
864 2916 987 2991 qnando
1011 2917 1086 2973 data
1109 2917 1151 2974 sit
1174 2935 1190 2974 e
1215 2917 1349 2975 Cumano

174 3021 224 3079 vel
247 3021 443 3096 Pompeiano,
468 3023 597 3096 reperire
620 3039 682 3080 non
704 3040 878 3097 possumus.
926 3023 984 3081 Sed
1009 3023 1091 3080 haud
1124 3024 1188 3081 scio
1220 3041 1260 3081 an
1291 3024 1349 3081 hac

173 3126 291 3186 ratione
315 3128 422 3186 melius
447 3129 485 3186 ad
510 3147 578 3186 eum
601 3130 692 3187 finem
717 3131 938 3204 perveniamus,
986 3131 1137 3205 Scriptum
1161 3131 1240 3188 enim
1263 3131 1349 3188 vide-

173 3252 241 3293 mus
265 3235 403 3309 proxima
426 3236 559 3311 epistula
591 3237 630 3294 ad
655 3236 797 3307 Quintum
822 3235 856 3313 (ll
875 3235 925 3313 13)
950 3237 1039 3295 data:
1085 3234 1120 3296 A.
1144 3236 1171 3295 d.
1194 3235 1248 3296 IV.
1272 3237 1348 3298 Nou.

170 3339 252 3415 Just,
275 3358 330 3415 quc
353 3341 397 3400 die
419 3341 544 3400 Remum
566 3342 639 3416 oeci,
654 3342 751 3416 accepi
770 3345 833 3401 tues
849 3342 958 3402 litteras
973 3343 1055 3402 datm
1070 3343 1226 3414 Placentia,
1251 3343 1350 3402 deind

170 3446 277 3506 adeas
293 3447 444 3521 postridie,
468 3449 549 3507 dotas
566 3446 606 3528 -l-
623 3449 826 3508 Btuudenoaue
853 3466 916 3508 cum
944 3448 1076 3509 Caesaris
1104 3450 1208 3509 litteris
1234 3449 1349 3523 refertis

171 3553 250 3612 omui
279 3554 391 3628 officio,
424 3554 579 3630 ditipeatic,
609 3557 750 3615 suavitate
784 3556 819 3634 (c.
839 3555 876 3633 l).
945 3558 1066 3615 Marcus
1097 3558 1190 3631 igitur
1220 3558 1347 3615 alteram

173 3662 337 3736 epistulam
362 3681 388 3720 a.
406 3664 433 3721 d.
451 3663 497 3721 lll.
521 3663 598 3723 Non.
621 3663 689 3721 dun.
714 3663 840 3738 accepit3
875 3681 972 3738 neque
996 3664 1074 3721 enirn
1100 3665 1232 3722 dubitari
1254 3683 1347 3740 posse

172 3771 257 3843 puto,
291 3769 364 3844 quin
395 3773 465 3844 post
496 3771 620 3827 verbum
646 3768 798 3842 postridie,
829 3772 864 3828 ut
894 3770 1007 3845 Tyrrell
1040 3772 1071 3828 et
1097 3767 1236 3847 Purser³)
1267 3773 1347 3829 recte

262 4011 281 4080 ¹)
300 4012 342 4066 De
361 4012 489 4083 epistulis
508 4030 526 4067 a
545 4013 678 4068 Cicerone
696 4016 763 4084 post
781 4013 902 4068 reditum
920 4029 1009 4085 usque
1027 4014 1064 4068 ad
1076 4014 1163 4068 finem
1178 4014 1245 4069 anni
1257 4030 1345 4071 auc.

171 4099 225 4155 700
244 4100 317 4154 datis
335 4101 517 4173 quaestiones
537 4102 762 4172 chronologicae.
802 4101 870 4158 1885
895 4119 922 4173 p.
940 4102 985 4158 40.

261 4190 504 4259 ²)Ansgewihlte
522 4190 624 4258 Brieie,
643 4191 766 4262 Leipzig,
789 4191 881 4248 1893⁶.
901 4208 927 4262 p.
948 4191 990 4247 10.

261 4279 282 4349 ³)
302 4278 362 4333 'Phe
381 4281 621 4350 correspondenoe
641 4280 672 4335 of
690 4281 726 4337 M.
740 4280 847 4335 Tullius
865 4281 970 4346 Cicero,
991 4281 1046 4336 vol.
1065 4282 1091 4336 11
1112 4281 1189 4346 1886,
1208 4298 1235 4352 p.
1251 4281 1310 4338 123.
