2970 4822
627 359 850 416 -20-

150 539 241 597 aliam
265 539 371 606 fuisse,
399 556 476 614 quae
501 538 595 613 periit.
644 538 715 595 Cum
740 538 819 594 enim
843 536 992 611 epistulae
1017 536 1108 595 1115.
1137 535 1229 611 paulo
1255 539 1331 610 post

151 665 177 704 a.
202 647 228 703 d.
252 645 300 704 XI.
324 645 391 703 Kal.
408 646 499 720 Sept,
525 648 556 703 et
579 645 659 702 llll.
684 644 776 718 paulo
793 647 866 718 post
889 662 915 702 a.
940 644 967 702 d.
988 643 1036 700 IV.
1059 643 1125 700 Kal.
1148 642 1210 699 Oct.
1235 642 1330 700 datae

151 753 222 821 sint,
257 770 318 810 non
353 754 402 810 est
437 752 569 820 dubium,
607 752 680 826 quin
715 751 844 819 Marcus,
879 751 1057 825 priusquam
1092 749 1187 825 primo
1223 766 1330 806 mense

152 860 318 935 Septembri
341 861 372 917 in
395 859 486 916 villas
511 858 607 916 abiret
632 857 681 933 (Ill
697 857 764 932 1,1)
789 859 828 914 ad
851 857 958 915 fatrem
981 856 1135 930 scripserit
1152 856 1326 930 epistulam,

150 967 181 1024 in
214 984 275 1041 qua
307 968 337 1024 et
368 966 448 1024 aliae
471 983 519 1023 res
549 967 579 1022 et
602 964 638 1022 de
662 966 776 1022 Scauro
802 982 829 1022 a.
854 965 881 1022 d.
907 964 954 1025 lV.
977 963 1054 1022 Non.
1079 963 1160 1037 Sept.
1184 965 1330 1037 repetun-

150 1074 257 1131 darum
280 1073 425 1131 absoluto
449 1071 596 1129 nonnulla
618 1072 770 1130 insuerint.
805 1072 871 1129 Nisi
895 1072 973 1128 enim
997 1070 1147 1128 eiusmodi
1163 1070 1328 1144 epistulam

150 1180 339 1238 intercidisse
363 1180 541 1244 iudicemus,
574 1181 708 1254 spatium
732 1179 900 1236 litterarum
924 1177 1157 1235 intermissionis
1182 1196 1201 1235 a
1223 1177 1330 1234 Marco

150 1287 251 1343 factae
292 1287 416 1343 nimium
456 1289 512 1343 est.
573 1286 681 1342 Errant
719 1288 821 1343 autem
852 1285 950 1359 Bergk
983 1284 1020 1362 (p.
1046 1285 1119 1356 624,
1151 1283 1265 1361 adnot.)
1297 1287 1331 1341 et

151 1394 285 1451 Koerner
309 1393 346 1468 (p.
365 1391 417 1469 54)
442 1393 478 1450 de
501 1392 584 1450 Julia
607 1395 728 1450 mortua
759 1394 789 1450 in
814 1410 851 1449 ea
874 1392 1020 1467 scriptum
1051 1392 1148 1449 luisse
1178 1392 1329 1449 arbitrati.

151 1501 293 1575 Idemque
317 1501 450 1558 Koerner
474 1518 511 1556 ea
533 1518 564 1557 re
587 1497 712 1567 fallitur,
739 1499 820 1574 quod
845 1499 880 1556 de
897 1499 1001 1556 Planci
1022 1517 1118 1556 causa
1137 1497 1273 1555 Marcum
1297 1498 1331 1555 in

151 1626 188 1665 ea
211 1608 371 1681 scripsisse
396 1608 541 1682 opinatus
566 1610 624 1674 est,
650 1608 685 1665 de
710 1624 772 1682 qua
795 1607 874 1663 infra
898 1607 1054 1663 disseram.

153 1941 192 2022 c.
221 1940 334 2031 Quae
361 1941 554 2023 rationes
576 1942 690 2021 inter
713 1941 919 2039 epistulas
941 1941 1157 2022 mensibus
1176 1940 1330 2021 Sextili

152 2072 196 2146 et
224 2065 465 2164 Septembri
497 2086 525 2145 a
551 2067 693 2148 Marco
727 2069 930 2164 acceptas
963 2070 1006 2147 et
1038 2069 1168 2147 antea
1202 2066 1332 2147 datas

635 2190 847 2271 intersint.

240 2354 284 2411 Ac
307 2355 434 2429 primum
455 2355 574 2430 quidem
590 2358 725 2412 revertor
741 2356 779 2411 ad
796 2355 952 2422 rationem,
978 2372 1069 2429 quam
1086 2355 1163 2411 inter
1179 2355 1331 2428 epistulas

153 2479 172 2518 a
195 2461 296 2531 Quinti
319 2462 436 2519 familia
458 2480 485 2519 a.
503 2463 529 2519 d.
545 2462 593 2520 Xl.
610 2462 676 2519 Kal.
695 2462 776 2536 Sept.
800 2465 956 2537 acceptam
973 2461 1098 2519 alteram
1114 2454 1165 2541 (Ill
1183 2461 1210 2527 1,
1224 2459 1276 2538 19)
1299 2464 1332 2518 et

152 2586 172 2625 a
197 2568 299 2627 Marco
327 2587 429 2627 mense
456 2569 537 2626 Maio
566 2569 668 2626 datam
695 2567 800 2644 (1112)
829 2569 975 2626 interesse
1004 2586 1098 2643 supra
1126 2567 1163 2645 (p.
1184 2568 1330 2637 11—133

155 2674 206 2751 14)
235 2676 448 2734 conclusimus.
493 2677 587 2733 Marci
624 2677 701 2733 enim
729 2675 783 2733 illa
817 2675 950 2750 epistula
984 2676 1079 2750 primo
1114 2693 1217 2732 mense
1248 2675 1329 2732 Maio

150 2782 189 2840 M.
214 2783 308 2850 Orlio,
342 2783 434 2858 equiti
459 2783 613 2850 Romano,
647 2784 721 2840 data
745 2785 799 2851 est,
834 2785 864 2840 et
892 2783 1022 2852 Quintus
1046 2783 1085 2839 ad
1109 2800 1175 2839 eam
1198 2781 1329 2855 rescrip-

153 2890 194 2947 sit
216 2889 282 2947 Kal.
307 2891 398 2957 Sext,
434 2907 501 2947 cum
533 2891 563 2946 in
591 2889 748 2947 Britannia
779 2891 839 2946 iam
872 2893 962 2947 esset.
1009 2889 1074 2946 lure
1109 2889 1202 2961 igitur
1236 2906 1332 2963 quae-

151 2995 255 3063 rimus,
281 3013 334 3053 cur
356 2998 421 3052 tum
445 2996 564 3052 demum
587 2997 782 3071 rescripserit,
808 3014 1000 3071 quamquam,
1027 2999 1062 3052 ut
1086 3013 1176 3070 quam
1201 2996 1330 3070 primum

152 3103 348 3177 responderet
379 3103 417 3159 ad
442 3120 509 3159 eam
532 3103 630 3177 ipsam
655 3103 835 3179 epistulam,
864 3104 1009 3178 gravibus
1034 3104 1145 3160 officiis
1169 3105 1332 3160 tenebatur

153 3208 200 3286 (cf.
217 3209 234 3267 l.
252 3208 296 3286 s).
342 3210 380 3268 M.
405 3210 504 3267 Orlius
537 3212 616 3267 certe
644 3211 739 3285 primo
771 3229 874 3268 mense
897 3211 982 3268 lunio
1015 3211 1053 3267 ad
1078 3211 1218 3276 Caesaris
1244 3227 1330 3267 exer-

153 3317 244 3374 citum
275 3318 425 3391 pervenit,
456 3318 501 3375 ita
530 3319 567 3373 ut
589 3317 700 3388 Quinto
732 3322 804 3374 ante
832 3318 889 3375 iter
912 3318 1118 3374 Britannicum
1145 3317 1328 3374 rescribendi

151 3426 272 3497 tempus
303 3424 438 3481 futurum
465 3424 572 3493 fuerit,
605 3424 632 3481 si
663 3426 702 3481 ab
727 3425 808 3482 Orlio
840 3427 956 3481 mature
987 3425 1105 3482 litterae
1137 3424 1164 3481 ei
1195 3424 1331 3481 redditae

153 3541 264 3586 essent.
303 3530 471 3605 Rescripsit
494 3532 596 3587 autem
620 3530 680 3587 illis
705 3531 822 3588 demum
840 3531 958 3599 litteris
985 3549 1062 3606 quas
1080 3531 1232 3588 secundas
1249 3530 1331 3588 misit

153 3655 190 3694 ex
213 3636 323 3693 insula.
371 3637 456 3706 Quod
480 3637 659 3695 breviante
683 3638 756 3694 nihil
781 3639 816 3695 de
839 3638 877 3695 M.
894 3638 955 3694 Orfi
979 3637 1112 3713 epistula
1134 3639 1331 3712 respondisse

152 3743 282 3811 videtur,
308 3761 368 3801 non
392 3746 440 3800 est
463 3745 587 3801 mirum:
611 3761 709 3818 neque
731 3745 809 3801 enim
826 3745 969 3819 copiosae
986 3744 1135 3819 epistulae
1153 3744 1329 3802 scribendae

152 3852 272 3925 tempus
304 3851 400 3908 fuisse
425 3851 629 3926 Quintumque
661 3852 790 3909 codicilli
823 3853 912 3926 quasi
940 3851 1076 3927 exemplo
1100 3851 1217 3909 felicem
1242 3868 1329 3909 suum

152 3957 184 4014 in
207 3957 396 4014 Britanniam
424 3958 588 4015 adventum
611 3959 713 4015 Marco
743 3962 773 4017 et
796 3958 929 4016 familiae
954 3977 1029 4016 suae
1054 3959 1215 4016 nuntiasse
1239 3961 1329 4033 puto;

154 4065 234 4121 hanc
251 4064 348 4121 solam
364 4082 425 4121 rem
441 4064 562 4122 Marcus
580 4083 616 4122 ex
633 4066 735 4143 Quinti
751 4066 883 4139 epistula
899 4070 1045 4123 memorat
1061 4066 1125 4142 (Qu.
1138 4066 1172 4122 fr.
1190 4065 1216 4122 ll
1230 4066 1279 4133 15,
1290 4059 1329 4141 4).

152 4171 304 4239 Miramur,
332 4171 411 4245 quod
437 4188 498 4228 non
520 4172 581 4228 iam
597 4175 667 4229 ante
683 4173 740 4229 iter
756 4173 962 4230 Britannicum
979 4173 1109 4243 Quintus
1126 4173 1190 4230 lilio
1208 4171 1329 4246 scripsit

153 4277 189 4334 de
209 4279 302 4336 Marci
326 4278 459 4353 epistula
482 4297 501 4335 a
523 4279 561 4336 M.
579 4279 659 4336 Ortio
683 4280 811 4338 reddita.
850 4280 1032 4338 Concludere
1054 4280 1146 4353 igitur
1170 4279 1242 4338 licet
1265 4295 1328 4337 eam
