2970 4822
656 340 879 398 ..43-

176 517 250 579 soleo
272 518 379 578 mirari
403 536 460 577 uou
482 536 525 577 rae
548 517 648 577 totiecs
670 517 797 591 accipere
820 521 883 576 tuas
907 516 1032 589 litteras,
1063 515 1187 591 quadrus
1209 534 1228 575 a
1252 514 1364 592 Quieto

177 625 249 684 ruibi
277 627 371 699 fratre
400 625 571 697 adferantur
601 623 635 702 (c.
656 623 692 702 1).
738 625 771 682 In
802 624 850 682 his
880 624 981 683 verbis
1010 624 1181 696 obiurgatio
1206 624 1360 698 quaedam

177 733 337 791 familiaris
368 733 457 790 inest.
502 732 602 807 Atque
631 750 668 789 ea
690 734 756 788 tum
780 732 899 789 demum
923 731 1008 789 iusta
1030 730 1106 799 fuit,
1135 747 1203 788 cum
1227 748 1296 788 eum
1321 748 1359 787 ex

178 838 312 914 longiore
336 842 471 914 ternpore
495 857 562 897 cum
579 839 690 909 Quinto
715 856 778 896 una
798 856 867 896 esse
882 839 1003 895 Marcus
1028 838 1152 897 sciebat
1192 837 1268 911 Ergo
1286 839 1364 913 post
1428 849 1430 856 ’

178 965 206 1005 a.
223 947 250 1006 d.
266 947 312 1004 ΙΠ.
328 946 404 1005 Nou.
421 946 494 1015 lun,
520 964 580 1021 quo
603 945 678 1002 illud
693 946 815 1003 Marcus
832 945 960 1020 primum
976 945 1129 1019 cognovit,
1156 944 1270 1018 scripta
1285 946 1362 1002 sunt

179 1056 210 1111 et
233 1053 264 1110 id
288 1053 408 1128 quidem
432 1070 543 1127 magno
567 1053 747 1127 interposito
770 1052 948 1121 intervallo,
975 1069 1036 1127 quo
1060 1051 1178 1109 litterae
1202 1070 1222 1109 a
1245 1028 1362 1122 Quinto

178 1159 323 1228 redditae,
357 1178 377 1217 a
399 1159 542 1217 Trebatio
561 1149 663 1216 autem
687 1159 879 1217 intermissae
910 1161 981 1216 sunt
1005 1161 1124 1233 praeter
1147 1176 1239 1215 unam
1262 1158 1359 1226 illam,

181 1284 273 1342 quarn
297 1265 399 1324 Cicero
431 1270 504 1340 post
527 1284 554 1326 a.
571 1267 598 1323 d.
614 1265 659 1323 HI.
683 1266 758 1326 Non.
782 1266 845 1324 Iun.
870 1268 909 1324 ab
934 1283 970 1324 eo
995 1266 1120 1340 accepit.
1165 1267 1209 1322 Ac
1232 1283 1270 1322 ue
1293 1268 1362 1322 tum

180 1373 318 1447 quidem,
352 1390 419 1429 cum
451 1372 614 1447 epistulam
636 1373 692 1430 Vll
710 1375 738 1431 7.
762 1373 901 1448 scripsit,
935 1373 1054 1430 litterae
1078 1374 1117 1430 ab
1141 1390 1178 1430 eo
1201 1374 1360 1440 venerant,

180 1479 211 1536 id
235 1479 316 1554 quod
336 1479 384 1536 his
401 1482 501 1554 patet:
525 1479 588 1555 Epo
604 1483 629 1538 te
645 1479 837 1538 commendare
850 1496 906 1538 uou
922 1479 1031 1552 desisto,
1054 1478 1101 1538 sed
1115 1478 1183 1554 quid
1192 1477 1360 1552 proficiam,

180 1603 216 1645 au
238 1590 264 1644 te
285 1586 358 1645 scire
380 1585 462 1660 cupio
486 1585 520 1664 (c.
540 1586 576 1663 1).
622 1588 666 1644 Ea
689 1587 790 1645 Cicero
815 1586 944 1644 scribere
967 1604 1029 1644 non
1051 1589 1188 1661 poterat,
1214 1586 1241 1643 si
1264 1585 1362 1660 paulo

180 1695 251 1750 ante
275 1692 438 1769 epistulam
462 1712 482 1750 a
504 1693 645 1752 Trebatio
670 1694 853 1768 accepisset,
884 1693 957 1768 quia
980 1712 1017 1751 ea
1039 1694 1110 1767 ipsa
1131 1692 1220 1750 facile
1245 1709 1361 1766 cogno-

180 1799 286 1868 visset,
313 1800 387 1875 quid
409 1801 577 1875 proficeret.
616 1801 758 1858 Trebatio
783 1801 861 1858 enim
885 1801 988 1875 aliquo
1013 1800 1102 1858 modo
1126 1800 1162 1858 de
1185 1801 1277 1857 rebus
1293 1799 1362 1856 suis

181 1906 328 1963 nonnulla
351 1907 509 1964 scribenda
531 1907 662 1964 fuerunt.
701 1907 746 1964 Ex
768 1907 816 1964 his
840 1907 972 1971 efficitur
995 1906 1158 1982 epistulam
1178 1906 1233 1964 VII
1249 1908 1277 1965 T.
1302 1905 1361 1963 ali·

183 2014 298 2087 quanto
321 2013 466 2087 temporis
490 2016 562 2088 post
586 2014 614 2071 8.
639 2013 742 2071 datam
764 2032 847 2082 esse;
872 2014 1064 2088 pervenimus
1080 2015 1172 2088 igitur
1187 2032 1225 2071 ea
1240 2007 1363 2072 ratione

181 2119 213 2176 in
236 2137 370 2178 mensem
395 2119 565 2189 Quintilem.

273 2226 369 2284 Venio
394 2226 433 2283 ad
457 2226 585 2283 alterum
612 2226 712 2284 locum
735 2227 1000 2301 interpretandum.
1046 2224 1084 2285 Iu
1106 2225 1266 2285 Brituuuia
1287 2225 1363 2284 uidit

183 2348 238 2390 esse
260 2330 347 2390 audio
369 2349 454 2407 aeque
475 2333 544 2391 auri
564 2350 649 2408 aeque
671 2333 790 2407 arpenti.
835 2332 873 2391 ,ld
895 2333 922 2392 si
949 2333 991 2391 ita
1018 2337 1067 2407 est,
1097 2332 1220 2392 essedum
1245 2332 1363 2408 almund

184 2437 282 2511 capias
311 2438 413 2497 suadeo
443 2442 470 2497 et
499 2439 537 2497 ad
567 2456 618 2498 uos
647 2456 731 2515 quam
756 2439 887 2512 primurn
917 2457 1057 2499 recurras.
1103 2438 1155 2499 Siu
1181 2443 1275 2498 autem
1300 2439 1362 2499 siue

182 2543 343 2604 Briiaauia
376 2549 469 2604 taurea
495 2545 619 2622 adsequi,
653 2547 725 2622 quod
760 2545 894 2620 volumus,
923 2564 1084 2620 possumus,
1113 2545 1229 2621 perfice,
1258 2549 1291 2604 ut
1320 2546 1363 2605 sis

182 2652 214 2711 iu
244 2652 440 2725 familiaribus
471 2651 603 2712 Caesaris
633 2651 751 2731 (1-2).
805 2654 914 2711 Latent
945 2656 1002 2712 sub
1033 2654 1082 2712 bis
1113 2654 1213 2712 verbis
1247 2656 1361 2712 obscu-

183 2759 315 2818 rioribus
340 2760 401 2817 duo
426 2759 555 2818 consilia
578 2778 597 2817 a
614 2759 754 2818 Cicerone
778 2761 860 2828 data,
887 2761 1015 2819 alterum
1038 2762 1096 2818 hoc
1118 2761 1194 2819 fere:
1219 2758 1363 2836 Quouiaru

184 2869 215 2923 tu
237 2866 268 2924 iu
284 2865 472 2925 Britauuiaru
489 2865 625 2939 proficisi
645 2884 702 2925 uua
723 2870 769 2925 uis
790 2867 835 2925 uel
851 2868 1000 2940 profectus
1022 2885 1078 2926 ucu
1101 2885 1128 2926 es
1146 2867 1264 2925 —bas
1282 2867 1360 2925 duas

185 2972 354 3029 sententias
378 2974 506 3046 primum
530 2973 616 3047 sequi
640 2973 711 3031 licet
733 3006 786 3041 —,
812 2973 934 3032 essedum
956 2973 1072 3049 aliquod
1091 2973 1189 3048 capias
1210 2973 1312 3033 madeo
1336 2977 1362 3032 et

183 3077 222 3136 ad
243 3094 295 3136 uos
316 3095 400 3153 auaui
418 3077 549 3152 primum
572 3095 712 3137 recurras.
758 3080 795 3137 Et
816 3083 973 3156 tamquam
993 3081 1171 3139 familiarem
1188 3083 1358 3148 excusaret,

185 3185 313 3244 addidit:
338 3184 498 3244 Dcieuduru
521 3184 574 3243 tibi
595 3203 652 3244 acu
674 3189 720 3259 est,
743 3185 868 3261 quadiu
891 3186 1080 3246 Britanniam
1102 3188 1156 3245 iter
1177 3203 1235 3246 aori
1257 3186 1360 3259 fecisti,

184 3291 258 3369 quia,
282 3296 314 3350 ut
335 3292 431 3366 audio,
454 3292 528 3352 uidit
549 3291 592 3350 ibi
613 3296 653 3352 est
672 3293 741 3351 auri
759 3312 844 3369 aeque
858 3293 977 3368 arpenti.
1011 3295 1117 3352 Utrum
1133 3296 1208 3352 haec
1226 3296 1361 3352 extrema

184 3401 288 3458 iocose
312 3417 352 3456 an
375 3401 454 3457 serio
479 3400 655 3469 dictasint,
689 3401 762 3458 nihil
789 3402 892 3471 refert;
926 3405 1006 3459 certe
1037 3401 1207 3468 Trebatius,
1241 3404 1277 3458 ut
1307 3400 1361 3458 alii

185 3506 303 3564 nobiles
338 3506 474 3573 iuvenes,
508 3523 569 3581 quo
600 3509 734 3582 tempore
766 3525 834 3565 cum
868 3508 997 3566 Caesare
1033 3511 1106 3576 erat,
1144 3507 1269 3566 divitias
1302 3505 1361 3565 sibi

187 3629 347 3687 congerere
378 3613 535 3682 studebat;
574 3613 610 3670 de
641 3614 699 3671 hoc
738 3615 816 3672 enim
852 3615 918 3673 eius
961 3615 1063 3673 studio
1107 3614 1208 3672 Cicero
1250 3617 1363 3689 postea

185 3719 305 3778 iocatus
329 3722 377 3777 est
399 3720 516 3778 verbis:
547 3717 657 3778 Balbus
682 3720 755 3778 midi
778 3720 928 3792 coufirmat
954 3725 980 3780 te
1002 3720 1118 3780 diuitem
1139 3721 1279 3793 futurum.
1325 3718 1363 3778 Id

185 3829 283 3885 utrum
302 3825 434 3884 Rcruaac
456 3843 535 3885 ruore
557 3826 665 3886 loeutus
688 3827 734 3901 sit,
758 3828 822 3887 beue
844 3831 870 3886 te
891 3832 1067 3887 auraruaturu
1089 3828 1228 3901 futurum,
1251 3845 1290 3885 au
1309 3844 1363 3902 quo

185 3932 268 3991 modo
290 3930 380 3991 Stoici
402 3931 507 4002 dicuat,
533 3951 626 3994 oraues
648 3951 704 3994 esse
726 3933 836 4007 diuites,
859 3935 908 4010 qui
932 3935 1005 3994 caelo
1029 3938 1055 3992 et
1074 3939 1152 3993 terra
1166 3933 1232 4007 frui
1239 3933 1363 4008 possiet,

180 4042 282 4114 postea
310 4039 408 4099 uidero
439 4039 502 4119 (Vn
525 4040 627 4117 lua).
678 4042 735 4100 Sed
771 4043 846 4100 hacc
881 4043 1038 4100 hactenus.
1084 4042 1152 4100 Non
1187 4041 1276 4099 aliter
1308 4041 1364 4098 illa

187 4164 267 4222 quae
301 4146 392 4205 attuli
423 4149 519 4206 verba
549 4149 775 4224 interpretanda
806 4167 874 4208 esse
904 4152 989 4224 puto,
1025 4147 1122 4207 velut:
1156 4145 1297 4224 Quuuimu
1331 4147 1363 4206 iu

185 4251 347 4314 Britauuia
367 4253 442 4314 aad
463 4254 531 4314 auri
551 4273 636 4332 aeque
657 4257 769 4331 arpenti
791 4259 837 4329 esi,
869 4256 992 4315 usedura
1019 4256 1116 4330 capias
1137 4254 1239 4314 madeo
1262 4257 1295 4314 et
1317 4253 1364 4312 ad
