2970 4822
632 354 854 411 ..17-

151 552 179 592 a.
197 533 223 591 d.
240 533 289 591 ΧΙ.
306 532 372 590 Κ11.
390 532 470 607 Sept.
496 532 532 590 de
547 532 624 590 Iulia
647 538 768 590 mortua
791 549 851 589 non
867 531 1001 606 potuerit
1024 531 1167 605 cogitare.
1203 531 1234 588 Si
1250 531 1330 587 enim

150 641 205 698 illa
226 641 321 699 verba
345 639 392 717 (ΠΙ
409 639 498 717 alr)
524 640 560 697 de
584 639 680 697 Iuliae
711 642 807 696 morte
831 639 946 713 scripta
977 640 1057 706 sunt,
1084 637 1162 695 Iulia
1185 656 1212 696 a.
1234 638 1261 696 d.
1282 637 1329 695 XI.

151 747 218 805 Kal.
244 747 326 821 Sept.
350 749 472 804 mortua
502 747 563 803 iam
585 746 645 802 fuit
676 748 707 803 et
737 748 861 804 mortem
894 745 971 803 obiit
1002 745 1160 819 aliquanto
1183 745 1329 820 temporis

152 858 234 923 ante,
269 872 336 911 curn
361 855 456 912 verba
487 855 556 928 ipsa
588 856 651 911 tam
682 855 815 911 obscura
846 853 916 920 sint,
948 855 984 909 ut
1007 871 1026 909 a
1049 852 1149 908 Marco
1174 852 1329 925 superiore

152 961 285 1037 quadam
310 961 444 1035 epistula
458 962 567 1018 fratem
583 961 620 1018 de
644 978 682 1018 ea
705 978 736 1016 re
757 960 913 1017 certiorem
928 959 1044 1017 facturn
1061 977 1129 1016 esse
1146 958 1329 1016 censendum

152 1069 201 1127 sit
248 1067 302 1125 Ille
325 1068 419 1141 igitur
443 1068 579 1134 nuntius,
610 1085 678 1124 cum
702 1069 786 1124 esset
808 1067 1019 1140 gravissimus
1045 1065 1140 1123 inulto
1165 1068 1329 1141 antequam

153 1175 306 1232 Caesare
330 1175 489 1232 Britannia
516 1177 726 1242 reverteretur,
760 1173 882 1248 perferri
914 1176 945 1230 et
976 1175 1098 1247 poterat
1129 1175 1160 1230 et
1190 1173 1328 1229 debebat.

151 1283 239 1339 Duae
263 1282 355 1356 igitur
379 1283 498 1339 restant
521 1282 602 1338 viae:
635 1284 691 1337 aut
714 1281 814 1338 Cicero
843 1280 903 1338 illis
927 1280 1028 1338 verbis
1060 1297 1118 1337 nou
1144 1279 1330 1353 significavit

150 1388 246 1446 Iuliae
270 1391 406 1456 mortem,
434 1390 489 1444 aut
504 1387 686 1456 Plutarchus
712 1388 825 1445 erravit
847 1387 1021 1461 falsumque
1044 1390 1165 1461 tempus
1189 1386 1330 1461 prodidit.

244 1495 414 1552 Ciceronem
431 1497 534 1551 autem
551 1495 688 1551 nonnisi
705 1495 741 1550 de
754 1494 848 1551 Iuliae
865 1497 969 1559 morte,
989 1511 1057 1550 cum
1072 1492 1330 1570 1111111(ΙΙΙΙ,17)

154 1603 314 1670 scribebat,
349 1601 502 1675 cogitasse
534 1619 613 1658 nunc
637 1601 844 1659 demonstrare
869 1601 1010 1659 conabor.
1056 1602 1100 1657 Ac
1124 1601 1252 1674 primum
1276 1617 1331 1656 ex-

154 1709 266 1782 plorari
289 1726 350 1766 non
374 1711 486 1783 potest,
514 1709 565 1783 qui
589 1708 668 1765 alius
693 1708 835 1765 Caesaris
860 1725 952 1764 casus
975 1707 1074 1774 luerit,
1109 1725 1169 1781 quo
1195 1706 1329 1763 Ciceroni

155 1831 283 1887 magnus
307 1815 592 1873 doloradlerrctur.
727 1889 731 1897 ¹

245 1921 355 1980 Deinde
374 1923 497 1979 Caesari
513 1922 564 1979 ille
581 1940 673 1979 casus
690 1922 892 1996 gravissimus
908 1922 976 1991 tuit,
999 1940 1066 1980 cum
1084 1923 1185 1980 Cicero
1203 1923 1330 1981 summis

154 2027 268 2087 doloris
292 2030 340 2086 sui
365 2029 461 2102 signis
485 2031 604 2086 utatur:
638 2026 727 2086 Ome
748 2028 916 2087 sollicitam!
948 2028 1091 2104 Quantum
1113 2047 1160 2104 epo
1191 2029 1270 2087 dolui
1300 2030 1331 2088 ia

153 2133 285 2193 Caesaris
307 2134 484 2194 saeuissimis
515 2135 637 2197 litteris!
682 2134 736 2194 Sed
757 2152 811 2211 quo
841 2139 922 2194 eraut
951 2136 1104 2208 suaviores
1135 2153 1165 2193 eo
1195 2136 1331 2194 reatorem

151 2241 231 2300 illius
253 2241 302 2299 ille
326 2259 406 2300 casus
428 2242 583 2315 adferebat.
632 2243 804 2300 Inducimur
825 2243 925 2316 igitur,
959 2246 994 2300 ut
1018 2261 1085 2300 curn
1109 2261 1214 2301 revera
1237 2243 1329 2301 Iuliae

151 2351 280 2406 mortem
303 2350 351 2406 his
376 2350 568 2423 significasse
592 2353 743 2424 putemus

243 2457 400 2514 Accedunt
421 2457 497 2513 haec
521 2457 675 2530 graviora:
699 2456 795 2513 Valde
812 2456 890 2514 enim
907 2457 1013 2512 mirum
1030 2459 1085 2524 cst,
1113 2458 1194 2530 quod
1210 2457 1328 2514 litterae

150 2563 354 2631 Britannicae,
381 2566 546 2638 postquam
562 2564 678 2638 priores
703 2581 763 2621 uno
787 2563 837 2622 vel
853 2564 974 2621 duobus
992 2563 1098 2620 diebus
1120 2565 1191 2620 ante
1207 2564 1327 2620 Marcus

152 2670 279 2744 acecpit,
312 2671 447 2728 redditae
477 2674 550 2728 sunt
574 2670 696 2728 alterae.
743 2671 829 2728 Dicet
851 2670 1003 2745 quispiam
1027 2671 1057 2727 in
1082 2669 1221 2744 Arpinati
1244 2669 1327 2727 Cice-

151 2794 256 2834 ronem
291 2777 461 2852 complures
495 2779 651 2852 accepisse
683 2777 802 2835 litteras
836 2778 979 2835 brevibus
1016 2777 1125 2852 spatiis
1162 2777 1326 2834 interiectis

153 2881 262 2958 (1111).
308 2885 348 2941 At
372 2886 484 2959 quibus
508 2885 677 2943 intervallis
701 2885 815 2942 Romae
839 2886 973 2943 redditae
998 2886 1060 2942 sint
1082 2885 1153 2942 illae
1177 2884 1326 2958 epistulae

151 2990 226 3047 nihil
251 2993 381 3058 constat,
407 2994 442 3049 ut
457 2992 487 3049 id
504 2992 674 3066 argumenti
697 2993 759 3049 vim
775 3010 835 3050 uon
851 2994 972 3050 habeat.
997 2993 1186 3067 Quapropter
1202 3009 1328 3049 causam

152 3097 338 3171 singularem
361 3099 459 3156 fuisse
483 3102 568 3174 puto,
603 3100 683 3173 quod
709 3100 822 3157 Caesar
848 3100 958 3157 iterum
988 3100 1165 3158 tabellarios
1197 3099 1329 3156 mitteret

151 3204 237 3262 brevi
260 3205 361 3279 spatio
385 3206 575 3281 interposito.
1392 3175 1404 3196 ὃ

242 3311 356 3369 Deinde
380 3313 487 3370 maiori
519 3313 713 3371 admirationi
744 3316 799 3378 est,
833 3315 915 3388 quod
946 3330 1007 3370 nou
1038 3331 1118 3370 unus
1149 3312 1327 3371 tabellarius

152 3435 180 3475 a.
205 3418 232 3475 d.
255 3418 303 3476 ΧΙ.
327 3419 394 3478 Κ11.
419 3419 500 3494 Sept.
532 3421 624 3488 venit,
657 3421 710 3478 sed
742 3420 853 3496 plures,
887 3423 966 3477 certe
1000 3421 1154 3478 minimum
1185 3421 1254 3478 duo.
1303 3422 1328 3476 A

152 3523 283 3582 Caesare
319 3526 405 3594 enim,
442 3545 510 3584 cum
546 3527 664 3584 litteras
698 3528 850 3595 mittebat,
885 3545 1002 3603 semper
1035 3546 1116 3586 unus
1148 3528 1327 3585 tabellarius

151 3631 273 3690 videtur
307 3633 420 3690 missus
457 3651 525 3691 esse
561 3652 657 3709 neque
692 3635 784 3691 aliam
819 3636 1068 3693 consuetudinem
1104 3654 1142 3692 ex
1174 3635 1326 3693 Ciceronis

152 3738 293 3812 epistulis
318 3741 539 3813 cognoscimus.
586 3741 693 3815 ltaque
717 3742 826 3800 iterum
850 3760 885 3800 eo
910 3742 1108 3817 perducimur,
1142 3745 1177 3799 ut
1200 3759 1327 3798 causam

151 3845 347 3921 praecipuam
362 3849 427 3904 tum
443 3847 541 3906 fuisse
559 3865 748 3916 censeamus,
774 3848 855 3923 quod
874 3849 985 3906 Caesar
1005 3849 1142 3924 pluribus
1158 3848 1327 3906 tabellariis

151 3954 297 4010 uteretur.

242 4060 400 4118 Postremo
439 4061 469 4117 in
506 4062 661 4120 codicibus
706 4063 851 4137 scriptum
889 4063 1041 4121 videmus:
1081 4061 1326 4120 tabellarii

152 4170 287 4225 venenat
308 4211 314 4224 .
332 4211 338 4224 .
357 4210 387 4224 ..
410 4166 541 4226 uicesimo
558 4168 610 4227 die.
646 4170 790 4244 Equidem
814 4172 888 4244 puto
913 4171 1103 4228 coniecturas
1120 4170 1324 4243 Wesenbergi,

153 4273 205 4347 qui
239 4274 355 4347 septimo
390 4277 417 4331 et
447 4273 578 4333 vicesimo
613 4275 658 4333 die
693 4276 740 4334 vel
775 4277 903 4352 Bergkii‚
941 4278 993 4353 qui
1028 4265 1182 4335 tricesimo
1201 4275 1229 4353 (p
1252 4274 1326 4352 622)
