2970 4822
633 345 856 402 „25-

149 527 208 582 aut
239 524 335 598 primo
365 523 532 597 Septembri
555 525 741 598 putaverunt
750 520 782 600 ²).
827 523 933 598 Neque
963 523 1043 581 ludis
1067 523 1214 581 Romanis
1244 523 1330 599 ipsis,

148 631 233 688 circa
255 631 361 688 Nonae
386 630 468 705 Sept.
491 629 520 686 id
544 630 656 699 luisse,
681 630 710 687 id
736 631 817 705 quod
840 630 974 688 Koerner
996 623 1037 710 (p.
1054 629 1196 709 49-51)
1221 630 1333 705 aliique

153 739 336 802 voluerunt,
370 737 483 794 clarum
515 733 601 814 6611).
651 737 752 813 Atque
775 737 921 795 Wunderi
951 737 1000 795 usi
1032 739 1106 795 sunt
1136 754 1240 796 omnes
1270 737 1333 794 1616

150 844 416 920 argumentatione
447 844 513 904 hac.
559 844 695 920 Apparet
717 844 873 902 Plancium
904 844 1090 902 aedilitatem
1114 844 1228 918 petisse
1252 861 1332 901 anno

75 1032 81 1043 ἱ
149 971 180 1010 a.
198 952 264 1009 Chr.
281 969 309 1009 n.
333 951 392 1008 LV.
417 951 468 1010 Cn.
491 951 635 1027 Pompeio
666 951 704 1008 M.
727 952 842 1009 Licinio
874 951 984 1010 Crasso
1014 951 1124 1009 iterum
1154 950 1333 1009 consulibus

151 1063 249 1134 atque
279 1060 400 1134 propter
432 1058 622 1116 comitiorum
653 1059 829 1116 dilationem
859 1059 957 1117 serius
981 1058 1109 1116 aedilem
1132 1060 1283 1125 creatum,
1313 1075 1334 1114 a

151 1165 319 1232 Laterensi,
345 1165 542 1240 competitore
566 1183 633 1234 suo,
659 1165 696 1222 de
712 1166 868 1224 sodaliciis
889 1184 927 1223 ex
942 1165 1008 1240 lege
1023 1165 1138 1222 Licinia
1153 1167 1331 1222 accusatum

150 1291 225 1331 esse
249 1290 329 1330 anno
353 1272 490 1346 proximo
514 1272 585 1330 LIV.
629 1273 724 1348 Atqui
746 1273 915 1331 scholiasta
937 1273 1098 1331 Bobiensis
1121 1273 1152 1330 P.
1176 1271 1333 1329 Vatinium

150 1383 227 1438 ante
250 1379 407 1437 Plancium
432 1379 467 1437 dc
492 1379 647 1437 sodaliciis
672 1397 798 1437 causam
822 1379 936 1438 dixisse
959 1376 1094 1457 11611113),
1123 1380 1155 1437 P.
1179 1378 1333 1437 Vatinium

154 1491 258 1545 autem
282 1488 415 1544 extremo
439 1503 542 1545 mense
566 1487 673 1544 Sextili
697 1487 762 1544 eius
787 1486 858 1544 anni
882 1504 901 1543 a
917 1486 1059 1544 Cicerone
1082 1487 1240 1544 defensum
1264 1503 1333 1543 esse

151 1612 193 1652 ex
223 1594 338 1652 Asconi
369 1593 584 1652 commentario
618 1592 655 1670 (p.
683 1592 732 1670 16)
764 1597 795 1652 61
825 1594 976 1652 Ciceronis
1012 1592 1145 1667 epistula
1180 1609 1257 1667 quae
1286 1593 1334 1648 est

153 1702 211 1771 Qu.
233 1701 267 1758 ir.
283 1700 309 1758 ΙΙ
328 1700 376 1759 15.
401 1700 479 1758 satis
504 1700 706 1773 cognoscitur.
746 1701 824 1775 Ergo
846 1701 896 1758 Cn.
917 1700 1061 1758 Plancius
1079 1701 1212 1758 extremo
1229 1715 1332 1755 meuse

156 1807 266 1864 Sextili
287 1811 342 1865 aut
364 1808 459 1883 primo
484 1807 652 1883 Septembri
676 1825 802 1865 causam
827 1807 910 1866 dixit
953 1809 1049 1878 Quam
1072 1805 1220 1863 Wunderi
1242 1823 1332 1878 argu-

156 1913 371 1973 mentationem
403 1915 527 1989 copiose
555 1916 593 1972 ab
626 1932 661 1972 eo
686 1914 867 1990 explicatam
876 1911 909 1993 ⁴),
942 1917 1090 1989 quantum
1113 1913 1203 1971 video
1228 1930 1332 1970 omnes

154 2021 220 2078 fere
241 2023 454 2095 probaverunt
499 2021 603 2096 Neque
626 2024 727 2079 tamen
750 2022 815 2079 iure
838 2023 987 2097 probasse
1009 2021 1157 2079 videntur.

248 2127 385 2203 Namque
416 2131 452 2185 ut
482 2128 584 2185 iudicii
618 2131 739 2202 tempus
770 2128 977 2198 inveniamus,
1012 2127 1096 2202 prius
1129 2127 1334 2202 quaerendum

154 2236 216 2302 est,
242 2223 364 2309 quando
380 2235 434 2293 illa
450 2235 581 2301 comitia,
608 2235 719 2310 quibus
736 2235 880 2292 Plancius
897 2232 1005 2293 aedilis
1021 2235 1123 2292 lactus
1148 2236 1203 2302 est,
1228 2233 1335 2290 habita

154 2341 229 2400 sint
274 2341 357 2399 Haec
381 2342 460 2399 enirn
484 2342 626 2416 quaestio
650 2359 718 2399 cum
742 2342 839 2399 altera
863 2342 1016 2399 artissime
1040 2342 1189 2400 cohaeret.

247 2449 347 2525 Atque
379 2450 536 2506 Plancium
568 2466 649 2507 auno
680 2449 737 2507 LV.
768 2449 954 2507 aedilitatem
986 2449 1099 2523 petisse
1130 2448 1160 2505 iu
1189 2448 1335 2504 Wunderi

156 2556 421 2632 argumentatione
454 2556 690 2614 demonstranda
721 2557 781 2614 iarn
813 2556 912 2614 attuli.
959 2556 1071 2613 Ceteris
1103 2554 1333 2628 magistratibus

153 2663 297 2721 creandis
314 2663 446 2732 comitia,
462 2668 580 2738 praeter
596 2663 745 2731 aedilicia,
765 2664 813 2721 Cn.
826 2663 990 2738 Pompeius
1006 2662 1043 2720 M.
1056 2661 1190 2719 Licinius
1204 2660 1334 2718 Crassus

82 2773 92 2797 ·
157 2768 303 2828 consules
327 2774 461 2827 extremo
478 2788 557 2827 anno
574 2770 632 2828 LV.
658 2771 827 2828 confecisse
846 2765 1023 2851 videntum),
1049 2786 1127 2844 quae
1151 2785 1200 2825 res
1224 2767 1273 2825 vel
1297 2785 1334 2825 cx

154 2894 195 2935 eo
220 2877 423 2951 cognoscitur,
450 2878 532 2952 quod
556 2877 657 2936 Cicero
681 2878 711 2934 in
735 2878 853 2946 litteris,
879 2894 958 2952 quas
982 2876 1079 2951 primo
1102 2893 1183 2933 anno
1199 2874 1270 2932 LIV.
1295 2874 1334 2931 ad

150 2983 280 3041 tratrem
309 2984 392 3041 dedit-
415 2984 501 3060 (119;
531 2985 583 3053 103
611 2983 661 3060 11)
685 2985 759 3041 nibil
784 2985 820 3042 de
844 2985 1014 3059 interregno
1040 2982 1172 3058 scripsit,
1205 2982 1259 3040 sed
1282 2982 1335 3040 vix

156 3089 254 3147 ullum
277 3090 581 3164 rerumpublicarum
606 3094 815 3165 argumentum
840 3092 878 3149 ad
902 3091 1021 3149 litteras
1045 3108 1120 3149 suas
1144 3090 1335 3148 conscriben-

155 3197 216 3255 das
251 3215 284 3255 se
318 3197 428 3255 habere
465 3201 594 3273 questus
630 3201 679 3256 est
711 3196 836 3274 )[[9,1;
864 3198 959 3267 10,1;
987 3196 1087 3274 11,4),
1126 3199 1156 3254 61
1191 3196 1333 3254 consules

155 3303 331 3379 tribunique
362 3304 459 3379 plebis
491 3322 593 3362 mense
617 3305 779 3363 Februario
811 3319 934 3362 munere
962 3304 1166 3378 iungebantur
1190 3301 1333 3379 (1110.1;

161 3410 241 3478 11,2
266 3413 297 3468 et
321 3410 361 3487 3).
408 3412 516 3487 ltaque
541 3428 644 3469 omnes
668 3411 730 3468 lere
755 3411 954 3484 magistratus
979 3428 1035 3468 suo
1052 3412 1186 3484 tempore
1210 3427 1335 3467 munera

154 3535 219 3575 sua
240 3518 416 3593 suscepisse
440 3519 588 3576 videntur.
641 3504 645 3514 ’

246 3624 291 3682 Ac
314 3625 351 3682 de
375 3626 506 3683 comitiis
531 3624 679 3682 aediliciis
706 3625 764 3682 hoc
793 3625 907 3683 scimus
939 3642 977 3682 ex
1001 3625 1153 3682 Ciceronis
1185 3623 1332 3691 oratione,

248 3833 268 3900 ¹)
288 3833 436 3902 Lange,
456 3833 513 3887 vol.
532 3833 578 3887 Ill.
599 3849 625 3902 p.
638 3832 703 3898 349,
723 3835 756 3887 A.
775 3833 819 3889 W.
839 3833 993 3902 Zumpt,
1011 3832 1067 3886 Der
1093 3830 1333 3900 Krimiualproaess

154 3920 183 3975 d.
203 3937 224 3974 r.
244 3921 286 3987 R,
305 3921 420 3993 Leipzig
440 3921 515 3989 1871,
534 3939 561 3992 p.
574 3920 634 3976 548.

247 4011 266 4078 'l
286 4011 482 4066 Rauschen
499 4027 526 4081 p.
539 4011 655 4066 cer-57.

248 4101 268 4167 8)
289 4099 402 4154 016111
419 4098 446 4153 V
462 4116 490 4170 p.
503 4099 564 4155 262.

247 4187 266 4258 4)
287 4189 384 4244 Oratio
409 4205 459 4259 pro
479 4189 528 4244 Cn.
547 4188 672 4257 Plancio,
690 4189 807 4260 Leipzig
827 4188 910 4254 1830,
933 4189 1038 4260 proleg.
1058 4204 1085 4258 p.
1104 4187 1333 4242 LXVIII-LXX.

248 4277 269 4348 ⁶)
288 4279 386 4348 Lange
404 4278 443 4331 lll
461 4294 488 4348 p.
501 4277 563 4331 34⁸2.
