2970 4822
641 320 861 377 „12-

163 500 261 559 Cieero
285 504 348 558 laus
370 500 408 557 ad
431 517 534 557 cenam.
580 497 668 556 Dedit
691 497 762 555 mihi
789 497 938 571 epistulam
967 496 1108 571 leqendam
1138 499 1224 568 laam,
1255 513 1341 569 mam

157 608 248 681 paulo
270 610 335 666 ante
348 609 500 679 acceperat,
524 604 729 679 Aristophaneo
752 604 834 663 modo
856 603 937 662 valde
959 602 1112 661 mehercule
1134 606 1160 660 et
1181 621 1294 661 manem
1313 606 1341 660 et

163 732 285 791 pravom,
315 732 371 788 qua
400 730 462 771 sam
491 712 642 771 admodum
672 711 829 770 delectatus.
874 709 964 768 Dedit
994 709 1079 768 etiam
1109 708 1229 768 alteram
1258 709 1340 768 ilhem

163 821 242 893 mihi,
265 839 320 894 qua
342 819 418 878 iales
445 837 506 877 eum
536 819 608 877 mihi
637 836 692 877 esse
722 817 853 888 adama
883 822 1025 891 tamquam
1055 816 1200 891 maqistro.
1247 815 1341 892 Quam

163 927 243 985 illum
270 926 405 1000 epistulae
434 926 500 984 illae
522 926 701 998 delectarunt,
732 944 817 1000 quam
847 925 906 983 me!
945 925 978 1000 (e.
1010 919 1071 1007 19).
1128 924 1340 999 Imprimisque

164 1036 296 1092 animum
328 1035 453 1093 adverto
485 1035 516 1091 in
547 1034 654 1091 verba:
693 1031 783 1090 Dedit
813 1032 897 1090 etiam
926 1031 1076 1090 alteram.
1101 1075 1108 1088 .
1133 1075 1139 1088 .
1178 1031 1262 1102 Quae
1286 1031 1340 1107 qui

163 1142 268 1216 legerit
299 1141 412 1198 similia
445 1140 476 1197 in
511 1141 666 1215 superiore
702 1140 834 1214 quadarn
877 1138 1009 1213 epistula
1051 1156 1120 1196 esse
1162 1138 1339 1205 meminerit,

164 1266 255 1323 quam
271 1248 392 1305 Marcus
408 1248 446 1304 M.
463 1248 553 1314 Orno,
576 1247 670 1322 equiti
686 1247 832 1314 Ramana
851 1246 932 1304 dedit
954 1238 993 1325 (ΙΙ
1009 1241 1073 1326 12);
1121 1243 1183 1303 Tua
1204 1244 1341 1303 mandata

158 1372 315 1428 persequar
337 1353 485 1428 diliqenter
507 1358 533 1411 et
554 1352 739 1428 adianqendis
761 1352 919 1411 hominihus
942 1356 968 1410 et
990 1352 1156 1427 quibusdam
1184 1370 1241 1410 non
1267 1351 1338 1409 alie-

163 1460 274 1519 nandis.
312 1460 461 1518 Maximae
475 1460 546 1518 mihi
567 1477 633 1518 nero
658 1478 741 1518 curae
756 1459 819 1532 erit,
843 1462 874 1517 ut
890 1458 1051 1518 Ciceronem
1066 1463 1145 1517 tuum
1160 1462 1338 1532 nostramque

163 1567 282 1641 uideam
305 1567 425 1640 silicet,
453 1567 561 1636 cotidie,
594 1567 642 1625 sed
663 1567 819 1640 inspiciam
841 1566 909 1642 quid
931 1565 1029 1634 ducat,
1061 1584 1145 1642 quam
1166 1564 1336 1639 saepissimam·

164 1679 190 1733 et
211 1674 270 1734 nisi
299 1674 347 1732 ille
377 1678 536 1747 contemnet,
567 1675 682 1732 etiam
712 1673 943 1749 maqistrum
966 1691 1017 1732 me
1054 1673 1088 1731 ei
1112 1671 1338 1746 profitebor

165 1780 244 1839 caius
266 1781 309 1838 rei
330 1781 494 1839 nonnulhem
518 1781 741 1840 cousuetudinem
762 1784 862 1839 nactus
885 1798 947 1839 sum
970 1825 1025 1838 ...
1050 1773 1085 1860 (c.
1100 1775 1140 1861 2).
1194 1779 1240 1837 Ad
1263 1778 1340 1836 haee

165 1889 253 1956 enim,
284 1889 395 1962 quibus
417 1871 548 1945 Marcus
572 1906 605 1945 se
636 1889 728 1945 etiam
752 1888 854 1957 Quinti
875 1887 939 1946 filio
965 1888 1142 1961 magistrum
1173 1887 1237 1944 lore
1267 1903 1340 1961 pro-

164 1995 297 2062 miserat,
322 1995 383 2062 illa,
410 1995 521 2068 quibus
546 1994 676 2064 Quintus
699 1994 805 2062 tilium,
838 1996 874 2051 ut
897 1996 1007 2069 patruo
1040 1997 1181 2068 tamquam
1202 1991 1342 2068 nmqistro

72 2141 74 2145 s
165 2102 287 2159 adfixus
312 2105 403 2167 esset,
418 2102 556 2169 'monuit
589 2102 738 2176 rescripta
768 2119 837 2159 esse
869 2102 1059 2159 concluditur
1089 2104 1120 2159 et
1150 2119 1188 2158 ea
1218 2101 1342 2175 quidem

165 2226 255 2284 quam
273 2209 409 2283 primum,
432 2212 595 2283 postquam
613 2208 744 2277 Quintus
760 2210 798 2266 ab
816 2209 896 2265 Orlio
913 2209 1014 2284 equite
1030 2207 1192 2283 epistulam
1209 2207 1341 2282 accepit;

165 2333 244 2390 quae
268 2316 339 2372 mihi
364 2315 476 2373 clarius
500 2315 736 2373 demonstranda
760 2318 840 2374 suut.

254 2424 298 2480 Ac
322 2423 449 2497 primum
473 2423 602 2497 quidem,
636 2440 703 2479 cum
731 2423 825 2480 Marci
856 2423 988 2497 epistula
1018 2421 1218 2480 humanitatis
1251 2421 1344 2497 plena

165 2534 256 2598 esset,
282 2530 402 2600 Quinto,
429 2530 512 2604 quod
536 2531 601 2587 eius
625 2530 656 2586 in
679 2531 802 2587 fratrem
826 2532 891 2586 erat
914 2529 1058 2592 officium.
1092 2546 1184 2604 quam
1212 2529 1342 2605 primum

163 2638 281 2712 gratiae
305 2637 440 2711 agendae
465 2639 558 2694 erant.
596 2637 701 2713 Neque
725 2637 832 2694 melius
856 2637 972 2709 gratias
989 2654 1077 2709 agere
1093 2637 1221 2713 poterat,
1249 2654 1342 2712 quam

165 2747 201 2801 ut
222 2744 320 2801 filium
344 2744 482 2819 proxima
505 2744 638 2818 epistula
660 2747 803 2812 moneret,
828 2746 863 2801 ut
886 2746 995 2819 patruo
1013 2746 1169 2819 tamquam
1193 2744 1343 2817 magistro

164 2852 287 2908 adfixus
311 2854 402 2909 esset.
1008 2841 1010 2843 ’

254 2954 369 3018 Deinde
394 2975 513 3014 summa
536 2960 602 3014 erat
617 2956 654 3015 de
668 2957 725 3014 filii
741 2957 933 3015 institutione
950 2975 1030 3025 cura,
1057 2960 1091 3015 ut
1106 2957 1183 3015 locis
1200 2959 1343 3032 apparet:

163 3063 211 3122 De
234 3062 366 3121 Cicerone
388 3063 462 3137 quod
483 3082 527 3121 me
549 3081 657 3137 semper
677 3081 770 3140 repas,
793 3063 904 3139 iquosco
923 3064 1048 3138 equidem
1071 3063 1130 3136 tihi,
1153 3063 1200 3123 sed
1223 3067 1254 3122 tu
1276 3081 1344 3138 quo-

163 3189 215 3247 que
236 3161 323 3231 celim
345 3170 417 3228 mihi
438 3171 573 3246 ipnoscas.
612 3169 679 3229 Non
701 3170 775 3229 enim
798 3171 913 3229 conmdo
936 3171 996 3243 tihi,
1014 3171 1083 3245 plus
1104 3175 1136 3229 ut
1162 3170 1245 3229 illum
1266 3187 1345 3229 ames

163 3296 249 3352 piam
271 3277 331 3352 epse
352 3295 421 3338 amo
445 3278 495 3356 (ΙΙΙ
515 3279 541 3343 1,
556 3273 598 3359 7).
637 3276 735 3336 Cicero
754 3282 856 3350 noster,
880 3277 946 3336 dum
962 3295 1009 3353 eqo
1025 3279 1130 3351 absum,
1153 3295 1209 3336 non
1225 3277 1345 3336 cessumt

162 3384 241 3458 apud
263 3385 407 3442 rhetorem.
453 3385 500 3443 De
521 3384 580 3443 eim
602 3385 758 3444 eraditime
780 3384 854 3460 quod
877 3384 992 3458 labores,
1026 3384 1100 3444 nihil
1131 3388 1178 3456 est,
1209 3383 1345 3458 qnoniam

164 3491 307 3566 inqenium
329 3491 388 3550 eim
409 3492 492 3564 nosti,
515 3492 638 3550 stredium
664 3511 712 3568 eqo
734 3492 823 3552 uiden
870 3491 968 3551 Cetera
990 3492 1049 3550 eins
1078 3491 1119 3550 sic
1148 3490 1280 3564 suscipio,
1311 3494 1345 3549 ut

163 3615 208 3656 me
225 3602 324 3671 putem
332 3602 483 3672 praestare
497 3598 592 3656 dehere
615 3598 664 3676 (ΙΙΙ
678 3598 775 3676 1‚14).
814 3599 891 3670 Quin
915 3601 1004 3657 etiam
1026 3599 1190 3656 mercedem
1207 3598 1344 3674 aliquam

166 3705 344 3780 promisisse
368 3705 468 3763 Marco
493 3705 627 3775 videtur3
651 3723 749 3782 neque
774 3707 851 3763 enim
874 3707 995 3765 iocandi
1017 3724 1113 3764 causa
1129 3707 1203 3763 haec
1227 3706 1344 3780 scripta

166 3830 234 3870 esse
257 3815 348 3886 puto:
382 3811 526 3871 Clamores
548 3810 680 3885 efficiam,
703 3813 729 3871 si
751 3829 813 3871 eum
835 3830 940 3871 mecam
962 3813 1083 3871 habuero
1107 3813 1217 3871 otiosus.
1263 3811 1344 3871 Nam

165 3917 275 3977 Romae
297 3918 461 3992 respirandi
482 3936 539 3978 non
562 3922 601 3976 est
624 3919 707 3978 locus.
753 3919 790 3978 ld
812 3938 855 3978 me
884 3919 939 3979 seis
970 3923 1053 3978 antea
1082 3919 1173 3995 pratis
1204 3919 1256 3978 tihi
1287 3936 1344 3978 esse

160 4024 331 4097 pollicitum.
372 4025 537 4101 Quidnunc
554 4029 650 4098 patus,
677 4029 786 4085 tanta
808 4026 901 4084 mihi
922 4028 986 4085 ahs
1010 4031 1042 4085 te
1064 4027 1231 4086 mercede
1248 4044 1343 4100 pro·

160 4130 316 4206 posita?
339 4126 390 4214 (ΙΙΙ
409 4132 489 4214 l,7).
535 4131 644 4208 Maqnu
674 4133 748 4192 enim
776 4133 856 4192 nolis
885 4152 905 4192 a
935 4137 961 4192 te
986 4133 1139 4208 proposita
1168 4151 1272 4192 merces
1294 4137 1343 4207 est,

165 4256 250 4314 quam
272 4243 343 4298 certe
356 4243 454 4299 nostra
471 4239 555 4313 culpan
569 4257 720 4316 numquam
735 4239 828 4298 minus
843 4241 1025 4314 adsequamur
1048 4240 1099 4318 (ΙΙΙ
1115 4241 1144 4308 3,
1156 4239 1197 4319 4).
1235 4242 1343 4318 ltaque
