2970 4822
637 333 860 390 -21...

152 529 221 570 sero
254 512 282 569 ei
305 511 454 568 redditam
478 529 562 580 esse,
596 529 663 568 cum
688 513 843 586 postrema
866 511 1000 586 epistula
1024 511 1141 568 Gallica
1163 511 1259 569 missa
1281 511 1336 568 illa

151 619 244 693 longa
267 619 436 676 litterarum
451 619 636 676 intermissio
654 620 745 685 esset,
771 617 807 674 de
824 635 886 693 qua
901 618 980 675 infra
996 618 1084 693 plura
1105 635 1333 693 cognoscemus.

150 726 252 783 Facile
276 726 354 783 enim
378 725 445 783 lieri
468 728 597 801 poterat,
622 727 658 782 ut
682 725 719 783 M.
737 725 837 783 Orfius
862 743 963 800 eques,
991 726 1134 800 quoniam
1150 725 1246 782 multo
1263 728 1335 800 post
1386 786 1387 789 ,

152 833 297 903 Quintum
329 849 367 890 ex
387 832 477 890 ltalia
507 832 646 890 interiore
678 833 833 907 proiectus
858 835 906 890 est
930 830 976 909 (ci.
994 850 1021 907 p.
1040 831 1080 908 8),
1106 832 1248 902 Quintum
1272 850 1333 889 non

151 943 224 998 ante
248 939 430 1009 conveniret,
457 957 548 1014 quam
573 940 670 997 omnis
695 959 714 997 a
730 939 860 997 Caesare
884 940 1034 997 exercitus
1058 939 1088 995 in
1109 941 1229 1014 portum
1245 939 1333 997 Itium

152 1049 279 1104 coactns
304 1048 361 1116 est,
394 1046 460 1104 sive
484 1047 565 1121 quod
590 1047 720 1117 Quintus
745 1064 813 1103 cum
837 1046 967 1104 Caesare
990 1046 1021 1102 in
1043 1046 1121 1104 lines
1137 1046 1334 1103 Treverorum

152 1153 271 1211 abierat
295 1153 372 1230 (bell.
389 1170 416 1226 g.
433 1153 467 1211 V.
486 1152 530 1230 2),
565 1154 630 1211 sive
654 1154 736 1229 quod
759 1154 826 1228 ipse
855 1156 885 1211 ct
907 1153 945 1211 M.
971 1154 1070 1211 Orfius
1095 1153 1176 1227 apud
1200 1152 1333 1227 legiones

151 1261 244 1335 longo
269 1260 371 1335 spatio
395 1261 473 1318 inter
496 1277 529 1318 sc
554 1261 722 1318 disiunctas
747 1261 876 1318 fuerunt.
922 1262 1020 1336 Atque
1044 1278 1081 1318 ex
1104 1261 1151 1318 his
1176 1260 1237 1318 alia
1261 1278 1334 1318 con-

151 1368 321 1426 oludemus.

243 1475 329 1532 Nunc
358 1474 505 1531 disseram
530 1474 566 1531 de
590 1474 742 1550 capitibus
766 1477 941 1549 quaesunt
964 1475 1004 1531 Ill
1024 1475 1188 1543 1,8.--11.
1235 1477 1335 1549 Atque

152 1581 190 1638 de
215 1581 317 1639 Curtio
348 1581 424 1638 haec
448 1581 563 1656 scripta
594 1585 682 1640 sunt:
721 1581 767 1639 De
794 1581 939 1639 tribunatu
961 1580 1035 1654 qnod
1056 1581 1173 1654 scribis,
1197 1598 1244 1656 epo
1269 1599 1334 1639 vero

150 1687 321 1748 nominatim
330 1687 424 1761 petivi
440 1686 541 1746 Curtio
562 1691 589 1745 et
603 1688 675 1746 miti
696 1688 757 1761 ipse
772 1687 878 1747 Caesar
899 1687 1067 1746 nominatim
1084 1686 1184 1746 Curtio
1195 1691 1336 1760 peratum

153 1812 211 1854 esse
239 1794 386 1868 rescripsit
415 1812 557 1868 meumque
587 1794 617 1853 in
648 1795 774 1870 rogando
800 1794 997 1853 verecundiam
1020 1794 1187 1870 obiurgavit.
1233 1793 1267 1852 Si
1290 1794 1336 1852 cni

151 1904 299 1978 praeterea
315 1901 426 1974 petiero
448 1935 494 1944 —·
515 1901 547 1959 id
569 1901 642 1976 qnod
664 1902 749 1960 etiem
766 1900 858 1976 Oppio
881 1901 954 1975 dixi,
977 1905 1010 1960 nt
1029 1902 1068 1961 ad
1089 1902 1171 1961 illum
1193 1903 1333 1971 scriberet,

153 2039 199 2050 —-
221 2008 306 2081 facile
322 2008 426 2082 potior
441 2009 513 2066 miti
526 2008 634 2083 negari,
657 2009 790 2082 qnoniam
805 2008 858 2082 illi,
882 2009 931 2083 qni
949 2009 1058 2068 molesti
1071 2013 1144 2082 sunt,
1167 2009 1223 2068 sibi
1236 2008 1337 2084 negari

152 2134 173 2174 a
201 2133 245 2173 me
275 2132 331 2174 non
357 2115 443 2188 focile
460 2116 623 2188 potiantur.
669 2116 732 2190 Epo
756 2114 888 2174 Curtium
910 2151 954 2158 —-
976 2116 1008 2174 id
1029 2117 1103 2190 qnod
1125 2116 1183 2189 ipsi
1205 2116 1270 2175 dinei
1291 2150 1336 2158 —-

152 2239 210 2281 non
232 2222 314 2280 modo
337 2222 490 2300 rogatione,
513 2222 667 2281 sedetiam
690 2223 849 2281 testimonio
872 2227 920 2281 ino
943 2223 1040 2298 diligo,
1063 2223 1136 2297 qnod
1159 2222 1260 2282 litteris
1279 2223 1337 2282 tuis

153 2329 279 2388 madiam
308 2328 388 2388 illins
417 2329 448 2388 in
477 2329 595 2388 salntem
624 2333 752 2388 nostram
782 2329 868 2402 focile
892 2330 1029 2403 perspexi
1056 2329 1090 2408 (c.
1111 2331 1172 2409 10).
1219 2331 1335 2401 Quibus

153 2437 283 2512 primum
307 2436 459 2510 colligitur
482 2438 637 2512 superiore
662 2437 795 2512 quadam
819 2437 952 2512 epistula
967 2437 1101 2495 Marcum
1118 2438 1220 2495 Curtio
1236 2438 1333 2494 tribu-

153 2545 260 2600 natum
285 2561 305 2600 a
320 2544 449 2601 Caesare
473 2544 635 2618 petivisse;
660 2543 766 2602 deinde
790 2563 809 2601 a
826 2544 935 2614 Quinto
958 2544 994 2601 de
1010 2562 1047 2601 ea
1062 2562 1093 2601 re
1110 2545 1235 2602 certiore
1250 2543 1334 2601 lacto

153 2650 288 2707 Marcum
313 2651 506 2724 obiurgatum
529 2669 612 2721 esse;
638 2652 768 2721 Quintus
786 2652 863 2707 enim
880 2650 1019 2708 timuisse
1035 2651 1164 2715 videtur.
1188 2669 1226 2708 ne
1241 2651 1335 2708 frater

154 2757 280 2815 Caesari
307 2757 465 2815 molestias
490 2758 627 2826 afferret3
656 2761 811 2833 postremo
836 2758 996 2816 Caesarem
1020 2759 1123 2816 Curtio
1145 2759 1333 2815 tribunatum

154 2883 223 2924 esse
247 2869 388 2941 paratum
413 2867 451 2924 ad
467 2866 600 2925 Marcum
624 2868 828 2942 rescripsisse.
867 2867 911 2923 Ac
935 2869 1115 2942 quaerentes
1139 2883 1205 2935 nos
1231 2884 1250 2923 a
1274 2883 1335 2940 quo

155 2971 285 3044 Quintus
310 2974 346 3031 de
371 2973 453 3032 Curti
476 2975 635 3032 tribunatu
659 2975 768 3032 certior
783 2974 885 3032 iactus
903 2975 952 3043 sit,
978 2975 1148 3049 proximum
1165 2976 1213 3031 cst
1227 2976 1335 3048 putare

154 3082 216 3139 illis
240 3083 317 3157 ipsis
341 3082 460 3150 litteris,
487 3101 565 3158 quas
581 3083 700 3141 Marcus
725 3084 810 3141 tratri
834 3086 906 3157 post
930 3102 956 3143 a.
975 3084 1001 3142 d.
1018 3083 1065 3142 Ill.
1081 3082 1156 3142 Non.
1173 3082 1236 3138 lun.
1253 3081 1338 3138 misit

155 3187 276 3272 (1113);
307 3190 338 3246 in
370 3190 418 3247 his
451 3191 529 3247 enim
561 3191 675 3266 scripta
706 3193 793 3248 sunt:
828 3189 871 3247 M.
905 3188 1005 3249 Curtio
1038 3189 1211 3247 tribunatum
1241 3187 1276 3245 ab
1306 3204 1336 3245 eo

155 3293 185 3372 [i.
204 3314 228 3354 e.
245 3315 264 3353 a
281 3295 421 3373 Caesare]
441 3297 534 3369 petivi
549 3340 661 3365 ......
694 3297 741 3355 sed
764 3297 794 3355 in
816 3297 936 3354 niteram
959 3313 1072 3355 onnam.
1111 3293 1148 3353 Id
1171 3299 1197 3353 et
1219 3293 1338 3352 Curtius

153 3401 196 3460 m
217 3403 327 3461 nolebat
350 3403 384 3480 (c.
403 3403 441 3481 3).
487 3404 607 3462 Marcus
639 3404 731 3478 igitur
762 3404 889 3470 litteris,
923 3421 1001 3479 quas
1033 3406 1106 3478 post
1134 3403 1336 3460 Caesarianas

155 3528 182 3567 a.
200 3509 227 3568 d.
243 3510 290 3567 Ill.
307 3510 383 3568 Non.
401 3511 464 3568 lun.
489 3514 633 3584 acceptas
658 3509 692 3588 (c.
714 3510 740 3588 1)
765 3511 864 3580 misit,
897 3512 1085 3568 tribunatum
1109 3510 1193 3567 illum
1218 3511 1256 3567 ab
1280 3510 1337 3565 im-

154 3619 293 3690 peratore
317 3617 469 3692 petiverat
492 3620 521 3675 et
545 3619 603 3676 hoc
625 3617 712 3675 fratri
735 3618 797 3676 illis
820 3619 921 3676 verbis
946 3618 1107 3675 nuntiavit.
1150 3617 1257 3692 Itaque
1273 3617 1336 3674 iure

155 3724 322 3782 conicimus
347 3724 431 3782 locos
456 3725 569 3783 allatos
594 3726 639 3782 ita
661 3726 739 3783 inter
763 3744 796 3783 se
820 3726 993 3793 cohaerere,
1019 3727 1054 3782 ut
1078 3724 1180 3794 Quinti
1204 3723 1337 3798 epistula

155 3829 252 3888 altero
278 3830 326 3907 (lll
345 3831 372 3900 1,
390 3830 442 3908 10)
475 3834 642 3890 memorata
673 3833 713 3889 ad
736 3832 830 3889 Marci
862 3831 1024 3907 epistulam
1047 3831 1073 3888 ll
1101 3831 1149 3888 13.
1180 3830 1336 3888 referatur.

155 3937 215 3995 Vix
238 3938 316 3995 enim
340 3939 429 3996 credo
454 3939 596 4009 Quintum
620 3939 719 4014 ipsius
736 3939 877 3996 Caesaris
899 3939 935 3996 de
952 3938 1035 3995 Curti
1051 3938 1210 3995 tribunatu
1224 3937 1335 4006 verbis,

156 4047 192 4102 ut
215 4044 339 4102 fratrem
365 4045 547 4118 obiurgaret,
573 4049 756 4104 commotum
781 4064 857 4105 esse.
873 4079 918 4088 —
933 4048 1032 4121 Atque
1057 4063 1124 4102 cum
1148 4062 1184 4102 ea
1207 4062 1238 4102 re
1261 4044 1340 4101 alter

155 4149 242 4210 locus
259 4148 314 4233 (Ill
333 4153 360 4222 l,
378 4152 437 4230 10.)
463 4153 502 4209 ad
518 4153 612 4210 Marci
636 4153 798 4228 epistulam
822 4153 906 4211 1113
931 4153 1032 4212 referri
1055 4152 1204 4220 videatur,
1229 4152 1337 4210 ceteris

157 4275 278 4333 quoque
310 4261 400 4318 rebus
429 4260 555 4318 eandem
583 4261 684 4318 inesse
708 4261 857 4319 rationem
880 4264 972 4335 puto,
1007 4278 1042 4317 ac
1066 4260 1193 4334 primum
1217 4259 1337 4334 quidem
