<?xml version="1.0" encoding="UTF-8"?>
<!DOCTYPE html PUBLIC "-//W3C//DTD XHTML 1.0 Transitional//EN"
    "http://www.w3.org/TR/xhtml1/DTD/xhtml1-transitional.dtd">
<html xmlns="http://www.w3.org/1999/xhtml" xml:lang="en" lang="en">
 <head>
  <title>
</title>
<meta http-equiv="Content-Type" content="text/html;charset=utf-8" />
  <meta name='ocr-system' content='tesseract 3.04.00' />
  <meta name='ocr-capabilities' content='ocr_page ocr_carea ocr_par ocr_line ocrx_word'/>
</head>
<body>
  <div class='ocr_page' id='page_1' title='image "./deepistulisamtu00kapegoog_0021.png"; bbox 0 0 2970 4822; ppageno 0'>
   <div class='ocr_carea' id='block_1_1' title="bbox 653 283 875 339">
    <p class='ocr_par' dir='ltr' id='par_1_1' title="bbox 653 283 875 339">
     <span class='ocr_line' id='line_1_1' title="bbox 653 283 875 339; baseline -0.005 -14"><span class='ocrx_word' id='word_1_1' title='bbox 653 283 875 339; x_wconf 79' lang='lat'>..10-</span> 
     </span>
    </p>
   </div>
   <div class='ocr_carea' id='block_1_2' title="bbox 170 460 1355 3737">
    <p class='ocr_par' dir='ltr' id='par_1_2' title="bbox 176 460 1355 1710">
     <span class='ocr_line' id='line_1_2' title="bbox 178 460 1349 535; baseline 0 -17"><span class='ocrx_word' id='word_1_2' title='bbox 178 462 317 527; x_wconf 89' lang='lat' dir='ltr'>tembres,</span> <span class='ocrx_word' id='word_1_3' title='bbox 351 461 461 535; x_wconf 89' lang='lat' dir='ltr'>quibus</span> <span class='ocrx_word' id='word_1_4' title='bbox 491 460 586 518; x_wconf 88' lang='lat' dir='ltr'>frater</span> <span class='ocrx_word' id='word_1_5' title='bbox 608 460 800 518; x_wconf 82' lang='lat' dir='ltr'>discessurus</span> <span class='ocrx_word' id='word_1_6' title='bbox 832 462 923 528; x_wconf 87' lang='lat' dir='ltr'>esset,</span> <span class='ocrx_word' id='word_1_7' title='bbox 955 460 1104 516; x_wconf 88' lang='lat' dir='ltr'>redditum</span> <span class='ocrx_word' id='word_1_8' title='bbox 1134 460 1170 517; x_wconf 92' lang='lat' dir='ltr'>iri</span> <span class='ocrx_word' id='word_1_9' title='bbox 1202 461 1349 534; x_wconf 78' lang='lat' dir='ltr'>sperabat.</span> 
     </span>
     <span class='ocr_line' id='line_1_3' title="bbox 179 565 1350 642; baseline 0 -18"><span class='ocrx_word' id='word_1_10' title='bbox 179 567 212 624; x_wconf 86' lang='lat' dir='ltr'>Si</span> <span class='ocrx_word' id='word_1_11' title='bbox 235 568 313 624; x_wconf 86' lang='lat' dir='ltr'>enirn</span> <span class='ocrx_word' id='word_1_12' title='bbox 336 569 446 641; x_wconf 89' lang='lat' dir='ltr'>postea</span> <span class='ocrx_word' id='word_1_13' title='bbox 469 567 604 642; x_wconf 86' lang='lat' dir='ltr'>perlatae</span> <span class='ocrx_word' id='word_1_14' title='bbox 629 570 741 636; x_wconf 89' lang='lat' dir='ltr'>essent,</span> <span class='ocrx_word' id='word_1_15' title='bbox 767 568 934 625; x_wconf 79' lang='lat' dir='ltr'><strong>admonitio</strong></span> <span class='ocrx_word' id='word_1_16' title='bbox 958 566 1074 624; x_wconf 91' lang='lat' dir='ltr'>inutilis</span> <span class='ocrx_word' id='word_1_17' title='bbox 1090 566 1210 624; x_wconf 88' lang='lat' dir='ltr'>fuisset.</span> <span class='ocrx_word' id='word_1_18' title='bbox 1248 565 1350 642; x_wconf 87' lang='lat' dir='ltr'>Neque</span> 
     </span>
     <span class='ocr_line' id='line_1_4' title="bbox 179 674 1353 750; baseline -0.001 -19"><span class='ocrx_word' id='word_1_19' title='bbox 179 692 232 732; x_wconf 89' lang='lat' dir='ltr'>aas</span> <span class='ocrx_word' id='word_1_20' title='bbox 256 690 324 732; x_wconf 88' lang='lat' dir='ltr'>sero</span> <span class='ocrx_word' id='word_1_21' title='bbox 349 674 483 732; x_wconf 88' lang='lat' dir='ltr'>redditas</span> <span class='ocrx_word' id='word_1_22' title='bbox 507 692 575 732; x_wconf 87' lang='lat' dir='ltr'>esse</span> <span class='ocrx_word' id='word_1_23' title='bbox 599 675 720 748; x_wconf 91' lang='lat' dir='ltr'>probari</span> <span class='ocrx_word' id='word_1_24' title='bbox 752 677 870 750; x_wconf 88' lang='lat' dir='ltr'>potest;</span> <span class='ocrx_word' id='word_1_25' title='bbox 902 675 992 731; x_wconf 91' lang='lat' dir='ltr'>immo</span> <span class='ocrx_word' id='word_1_26' title='bbox 1024 674 1145 732; x_wconf 89' lang='lat' dir='ltr'>Marcus</span> <span class='ocrx_word' id='word_1_27' title='bbox 1178 674 1251 748; x_wconf 88' lang='lat' dir='ltr'>ipse,</span> <span class='ocrx_word' id='word_1_28' title='bbox 1285 690 1353 731; x_wconf 91' lang='lat' dir='ltr'>oum</span> 
     </span>
     <span class='ocr_line' id='line_1_5' title="bbox 179 778 1353 856; baseline -0.002 -18"><span class='ocrx_word' id='word_1_29' title='bbox 179 781 311 856; x_wconf 79' lang='lat' dir='ltr'>scripsit:</span> <span class='ocrx_word' id='word_1_30' title='bbox 325 824 352 838; x_wconf 87' lang='lat'>..</span> <span class='ocrx_word' id='word_1_31' title='bbox 369 824 376 838; x_wconf 88' lang='lat'><strong>.</strong></span> <span class='ocrx_word' id='word_1_32' title='bbox 395 825 401 838; x_wconf 94' lang='lat'><em>.</em></span> <span class='ocrx_word' id='word_1_33' title='bbox 417 798 461 838; x_wconf 93' lang='lat' dir='ltr'>me</span> <span class='ocrx_word' id='word_1_34' title='bbox 475 779 520 838; x_wconf 84' lang='lat' dir='ltr'>Id.</span> <span class='ocrx_word' id='word_1_35' title='bbox 536 778 610 853; x_wconf 82' lang='lat' dir='ltr'>Sept.</span> <span class='ocrx_word' id='word_1_36' title='bbox 627 779 762 854; x_wconf 88' lang='lat' dir='ltr'>Pompeio</span> <span class='ocrx_word' id='word_1_37' title='bbox 783 781 929 856; x_wconf 79' lang='lat' dir='ltr'>lepetiim</span> <span class='ocrx_word' id='word_1_38' title='bbox 944 779 1006 852; x_wconf 90' lang='lat' dir='ltr'>iri,</span> <span class='ocrx_word' id='word_1_39' title='bbox 1029 798 1091 838; x_wconf 89' lang='lat' dir='ltr'>rem</span> <span class='ocrx_word' id='word_1_40' title='bbox 1106 781 1242 838; x_wconf 88' lang='lat' dir='ltr'>futuram</span> <span class='ocrx_word' id='word_1_41' title='bbox 1258 780 1353 853; x_wconf 83' lang='lat' dir='ltr'>signi-</span> 
     </span>
     <span class='ocr_line' id='line_1_6' title="bbox 177 886 1353 962; baseline -0.001 -18"><span class='ocrx_word' id='word_1_42' title='bbox 177 887 290 945; x_wconf 84' lang='lat' dir='ltr'>ficasse</span> <span class='ocrx_word' id='word_1_43' title='bbox 313 888 433 945; x_wconf 88' lang='lat' dir='ltr'>videtur</span> <span class='ocrx_word' id='word_1_44' title='bbox 456 906 563 962; x_wconf 92' lang='lat' dir='ltr'>neque,</span> <span class='ocrx_word' id='word_1_45' title='bbox 590 887 616 945; x_wconf 92' lang='lat' dir='ltr'>si</span> <span class='ocrx_word' id='word_1_46' title='bbox 632 890 705 962; x_wconf 92' lang='lat' dir='ltr'>post</span> <span class='ocrx_word' id='word_1_47' title='bbox 719 888 791 945; x_wconf 90' lang='lat' dir='ltr'>ldus</span> <span class='ocrx_word' id='word_1_48' title='bbox 808 888 970 962; x_wconf 76' lang='lat' dir='ltr'>epistulam</span> <span class='ocrx_word' id='word_1_49' title='bbox 987 888 1166 962; x_wconf 79' lang='lat' dir='ltr'>accepisset,</span> <span class='ocrx_word' id='word_1_50' title='bbox 1192 888 1227 944; x_wconf 93' lang='lat' dir='ltr'>ut</span> <span class='ocrx_word' id='word_1_51' title='bbox 1240 886 1353 944; x_wconf 87' lang='lat' dir='ltr'>falsam</span> 
     </span>
     <span class='ocr_line' id='line_1_7' title="bbox 176 992 1355 1068; baseline -0.001 -16"><span class='ocrx_word' id='word_1_52' title='bbox 176 995 281 1052; x_wconf 85' lang='lat' dir='ltr'>fratris</span> <span class='ocrx_word' id='word_1_53' title='bbox 306 995 497 1068; x_wconf 88' lang='lat' dir='ltr'>opionionem</span> <span class='ocrx_word' id='word_1_54' title='bbox 522 995 675 1061; x_wconf 85' lang='lat' dir='ltr'>refutaret,</span> <span class='ocrx_word' id='word_1_55' title='bbox 714 995 757 1052; x_wconf 91' lang='lat' dir='ltr'>sic</span> <span class='ocrx_word' id='word_1_56' title='bbox 782 995 809 1052; x_wconf 91' lang='lat' dir='ltr'>ei</span> <span class='ocrx_word' id='word_1_57' title='bbox 830 995 1055 1053; x_wconf 89' lang='lat' dir='ltr'>rescribendum</span> <span class='ocrx_word' id='word_1_58' title='bbox 1077 994 1148 1051; x_wconf 88' lang='lat' dir='ltr'>fuit:</span> <span class='ocrx_word' id='word_1_59' title='bbox 1173 992 1204 1051; x_wconf 89' lang='lat' dir='ltr'>id</span> <span class='ocrx_word' id='word_1_60' title='bbox 1226 1010 1274 1068; x_wconf 84' lang='lat' dir='ltr'>epo</span> <span class='ocrx_word' id='word_1_61' title='bbox 1296 1010 1355 1051; x_wconf 84' lang='lat' dir='ltr'>riom</span> 
     </span>
     <span class='ocr_line' id='line_1_8' title="bbox 177 1099 1355 1174; baseline -0.001 -16"><span class='ocrx_word' id='word_1_62' title='bbox 177 1099 277 1158; x_wconf 80' lang='lat' dir='ltr'>ecdici</span> <span class='ocrx_word' id='word_1_63' title='bbox 298 1100 453 1174; x_wconf 68' lang='lat' dir='ltr'>scripsique</span> <span class='ocrx_word' id='word_1_64' title='bbox 475 1100 513 1158; x_wconf 85' lang='lat' dir='ltr'>ed</span> <span class='ocrx_word' id='word_1_65' title='bbox 537 1099 684 1159; x_wconf 75' lang='lat' dir='ltr'>Gaesarem</span> <span class='ocrx_word' id='word_1_66' title='bbox 708 1144 795 1173; x_wconf 86' lang='lat'>....,</span> <span class='ocrx_word' id='word_1_67' title='bbox 827 1102 880 1159; x_wconf 90' lang='lat' dir='ltr'>sed</span> <span class='ocrx_word' id='word_1_68' title='bbox 910 1101 968 1158; x_wconf 88' lang='lat' dir='ltr'>hac</span> <span class='ocrx_word' id='word_1_69' title='bbox 998 1101 1060 1158; x_wconf 87' lang='lat' dir='ltr'>iere</span> <span class='ocrx_word' id='word_1_70' title='bbox 1087 1101 1220 1158; x_wconf 86' lang='lat' dir='ltr'>ratione:</span> <span class='ocrx_word' id='word_1_71' title='bbox 1251 1099 1282 1158; x_wconf 87' lang='lat' dir='ltr'>id</span> <span class='ocrx_word' id='word_1_72' title='bbox 1304 1116 1355 1173; x_wconf 79' lang='lat' dir='ltr'>epo</span> 
     </span>
     <span class='ocr_line' id='line_1_9' title="bbox 176 1205 1354 1281; baseline -0.001 -17"><span class='ocrx_word' id='word_1_73' title='bbox 176 1224 233 1265; x_wconf 88' lang='lat' dir='ltr'>iieii</span> <span class='ocrx_word' id='word_1_74' title='bbox 255 1207 355 1265; x_wconf 80' lang='lat' dir='ltr'>audini</span> <span class='ocrx_word' id='word_1_75' title='bbox 376 1206 509 1281; x_wconf 79' lang='lat' dir='ltr'>illumque</span> <span class='ocrx_word' id='word_1_76' title='bbox 531 1224 674 1265; x_wconf 85' lang='lat' dir='ltr'>rumorem</span> <span class='ocrx_word' id='word_1_77' title='bbox 696 1207 801 1280; x_wconf 84' lang='lat' dir='ltr'>falsum</span> <span class='ocrx_word' id='word_1_78' title='bbox 824 1225 881 1266; x_wconf 87' lang='lat' dir='ltr'>esse</span> <span class='ocrx_word' id='word_1_79' title='bbox 910 1206 975 1266; x_wconf 84' lang='lat' dir='ltr'>iride</span> <span class='ocrx_word' id='word_1_80' title='bbox 1005 1206 1154 1281; x_wconf 79' lang='lat' dir='ltr'>copioseis,</span> <span class='ocrx_word' id='word_1_81' title='bbox 1184 1205 1265 1280; x_wconf 81' lang='lat' dir='ltr'>quod,</span> <span class='ocrx_word' id='word_1_82' title='bbox 1298 1222 1354 1279; x_wconf 84' lang='lat' dir='ltr'>qim</span> 
     </span>
     <span class='ocr_line' id='line_1_10' title="bbox 177 1311 1354 1387; baseline -0.002 -16"><span class='ocrx_word' id='word_1_83' title='bbox 177 1317 299 1387; x_wconf 84' lang='lat' dir='ltr'>tempore</span> <span class='ocrx_word' id='word_1_84' title='bbox 328 1313 395 1371; x_wconf 83' lang='lat' dir='ltr'>boec</span> <span class='ocrx_word' id='word_1_85' title='bbox 424 1313 589 1386; x_wconf 73' lang='lat' dir='ltr'>scribebam,</span> <span class='ocrx_word' id='word_1_86' title='bbox 619 1313 639 1371; x_wconf 90' lang='lat' dir='ltr'>i.</span> <span class='ocrx_word' id='word_1_87' title='bbox 663 1332 684 1372; x_wconf 91' lang='lat' dir='ltr'>e.</span> <span class='ocrx_word' id='word_1_88' title='bbox 710 1318 779 1387; x_wconf 83' lang='lat' dir='ltr'>post</span> <span class='ocrx_word' id='word_1_89' title='bbox 809 1312 879 1372; x_wconf 82' lang='lat' dir='ltr'>Idus</span> <span class='ocrx_word' id='word_1_90' title='bbox 909 1311 1091 1387; x_wconf 81' lang='lat' dir='ltr'>Septembres,</span> <span class='ocrx_word' id='word_1_91' title='bbox 1125 1311 1235 1371; x_wconf 81' lang='lat' dir='ltr'>Romae</span> <span class='ocrx_word' id='word_1_92' title='bbox 1264 1330 1354 1370; x_wconf 84' lang='lat' dir='ltr'>erem.</span> 
     </span>
     <span class='ocr_line' id='line_1_11' title="bbox 178 1416 1352 1502; baseline -0.001 -25"><span class='ocrx_word' id='word_1_93' title='bbox 178 1421 293 1490; x_wconf 86' lang='lat' dir='ltr'>Quibus</span> <span class='ocrx_word' id='word_1_94' title='bbox 317 1421 458 1478; x_wconf 90' lang='lat' dir='ltr'>omnibus</span> <span class='ocrx_word' id='word_1_95' title='bbox 482 1416 588 1502; x_wconf 26' lang='lat' dir='ltr'>colligi!¹</span> <span class='ocrx_word' id='word_1_96' title='bbox 611 1438 703 1496; x_wconf 88' lang='lat' dir='ltr'>posse</span> <span class='ocrx_word' id='word_1_97' title='bbox 727 1425 801 1495; x_wconf 93' lang='lat' dir='ltr'>puto</span> <span class='ocrx_word' id='word_1_98' title='bbox 825 1424 899 1489; x_wconf 90' lang='lat' dir='ltr'>tum,</span> <span class='ocrx_word' id='word_1_99' title='bbox 925 1438 992 1478; x_wconf 93' lang='lat' dir='ltr'>cum</span> <span class='ocrx_word' id='word_1_100' title='bbox 1015 1421 1136 1478; x_wconf 88' lang='lat' dir='ltr'>Marcus</span> <span class='ocrx_word' id='word_1_101' title='bbox 1158 1421 1251 1477; x_wconf 91' lang='lat' dir='ltr'>verba</span> <span class='ocrx_word' id='word_1_102' title='bbox 1267 1437 1290 1477; x_wconf 89' lang='lat' dir='ltr'>c.</span> <span class='ocrx_word' id='word_1_103' title='bbox 1311 1418 1352 1477; x_wconf 82' lang='lat'>18</span> 
     </span>
     <span class='ocr_line' id='line_1_12' title="bbox 178 1525 1353 1602; baseline -0.003 -17"><span class='ocrx_word' id='word_1_104' title='bbox 178 1527 338 1596; x_wconf 89' lang='lat' dir='ltr'>scribebat,</span> <span class='ocrx_word' id='word_1_105' title='bbox 363 1526 434 1584; x_wconf 91' lang='lat' dir='ltr'>ldus</span> <span class='ocrx_word' id='word_1_106' title='bbox 455 1527 646 1602; x_wconf 87' lang='lat' dir='ltr'>Septembres</span> <span class='ocrx_word' id='word_1_107' title='bbox 670 1528 790 1585; x_wconf 83' lang='lat' dir='ltr'>futuras</span> <span class='ocrx_word' id='word_1_108' title='bbox 814 1528 920 1585; x_wconf 84' lang='lat' dir='ltr'>tuisse.</span> <span class='ocrx_word' id='word_1_109' title='bbox 959 1528 1066 1602; x_wconf 88' lang='lat' dir='ltr'>ltaque</span> <span class='ocrx_word' id='word_1_110' title='bbox 1089 1527 1164 1584; x_wconf 88' lang='lat' dir='ltr'>haec</span> <span class='ocrx_word' id='word_1_111' title='bbox 1188 1525 1353 1593; x_wconf 91' lang='lat' dir='ltr'>cumillis,</span> 
     </span>
     <span class='ocr_line' id='line_1_13' title="bbox 178 1634 887 1710; baseline -0.001 -19"><span class='ocrx_word' id='word_1_112' title='bbox 178 1652 256 1709; x_wconf 90' lang='lat' dir='ltr'>quae</span> <span class='ocrx_word' id='word_1_113' title='bbox 280 1634 407 1692; x_wconf 89' lang='lat' dir='ltr'>suntin</span> <span class='ocrx_word' id='word_1_114' title='bbox 431 1652 454 1692; x_wconf 90' lang='lat' dir='ltr'>c.</span> <span class='ocrx_word' id='word_1_115' title='bbox 474 1635 532 1702; x_wconf 75' lang='lat'>17,</span> <span class='ocrx_word' id='word_1_116' title='bbox 558 1635 669 1710; x_wconf 87' lang='lat' dir='ltr'>optime</span> <span class='ocrx_word' id='word_1_117' title='bbox 694 1635 887 1692; x_wconf 88' lang='lat' dir='ltr'>conveniunt.</span> 
     </span>
    </p>

    <p class='ocr_par' dir='ltr' id='par_1_3' title="bbox 170 1739 1355 3737">
     <span class='ocr_line' id='line_1_14' title="bbox 266 1739 1353 1815; baseline 0.001 -18"><span class='ocrx_word' id='word_1_118' title='bbox 266 1741 361 1799; x_wconf 91' lang='lat' dir='ltr'>Venio</span> <span class='ocrx_word' id='word_1_119' title='bbox 386 1742 425 1799; x_wconf 91' lang='lat' dir='ltr'>ad</span> <span class='ocrx_word' id='word_1_120' title='bbox 440 1742 562 1799; x_wconf 90' lang='lat' dir='ltr'>tertium</span> <span class='ocrx_word' id='word_1_121' title='bbox 580 1744 797 1815; x_wconf 80' lang='lat' dir='ltr'>argumentum.</span> <span class='ocrx_word' id='word_1_122' title='bbox 828 1742 929 1815; x_wconf 83' lang='lat' dir='ltr'>Atque</span> <span class='ocrx_word' id='word_1_123' title='bbox 946 1759 969 1798; x_wconf 89' lang='lat' dir='ltr'>c.</span> <span class='ocrx_word' id='word_1_124' title='bbox 986 1741 1034 1798; x_wconf 80' lang='lat'>19.</span> <span class='ocrx_word' id='word_1_125' title='bbox 1050 1741 1099 1797; x_wconf 92' lang='lat' dir='ltr'>his</span> <span class='ocrx_word' id='word_1_126' title='bbox 1115 1741 1216 1798; x_wconf 90' lang='lat' dir='ltr'>verbis</span> <span class='ocrx_word' id='word_1_127' title='bbox 1233 1739 1353 1813; x_wconf 90' lang='lat' dir='ltr'>incipit:</span> 
     </span>
     <span class='ocr_line' id='line_1_15' title="bbox 177 1840 1355 1921; baseline -0.001 -16"><span class='ocrx_word' id='word_1_128' title='bbox 177 1846 249 1905; x_wconf 74' lang='lat' dir='ltr'>Qum</span> <span class='ocrx_word' id='word_1_129' title='bbox 264 1847 440 1920; x_wconf 87' lang='lat' dir='ltr'>scripsissem</span> <span class='ocrx_word' id='word_1_130' title='bbox 462 1847 530 1905; x_wconf 76' lang='lat' dir='ltr'>boec</span> <span class='ocrx_word' id='word_1_131' title='bbox 544 1846 655 1920; x_wconf 74' lang='lat' dir='ltr'>infirm,</span> <span class='ocrx_word' id='word_1_132' title='bbox 678 1865 748 1921; x_wconf 84' lang='lat' dir='ltr'>quoe</span> <span class='ocrx_word' id='word_1_133' title='bbox 767 1850 833 1905; x_wconf 80' lang='lat' dir='ltr'>sciit</span> <span class='ocrx_word' id='word_1_134' title='bbox 847 1865 909 1905; x_wconf 87' lang='lat' dir='ltr'>mee</span> <span class='ocrx_word' id='word_1_135' title='bbox 923 1840 1018 1920; x_wconf 76' lang='lat' dir='ltr'>imeri,</span> <span class='ocrx_word' id='word_1_136' title='bbox 1041 1845 1118 1905; x_wconf 82' lang='lat' dir='ltr'>veriit</span> <span class='ocrx_word' id='word_1_137' title='bbox 1131 1846 1170 1904; x_wconf 85' lang='lat' dir='ltr'>ad</span> <span class='ocrx_word' id='word_1_138' title='bbox 1183 1863 1234 1904; x_wconf 85' lang='lat' dir='ltr'>rios</span> <span class='ocrx_word' id='word_1_139' title='bbox 1254 1844 1355 1904; x_wconf 75' lang='lat' dir='ltr'>Cicero</span> 
     </span>
     <span class='ocr_line' id='line_1_16' title="bbox 177 1953 1354 2028; baseline -0.001 -17"><span class='ocrx_word' id='word_1_140' title='bbox 177 1957 240 2012; x_wconf 82' lang='lat' dir='ltr'>imis</span> <span class='ocrx_word' id='word_1_141' title='bbox 263 1953 301 2011; x_wconf 83' lang='lat' dir='ltr'>ed</span> <span class='ocrx_word' id='word_1_142' title='bbox 324 1971 419 2012; x_wconf 87' lang='lat' dir='ltr'>eeiiom</span> <span class='ocrx_word' id='word_1_143' title='bbox 435 1998 442 2011; x_wconf 88' lang='lat'><strong>.</strong></span> <span class='ocrx_word' id='word_1_144' title='bbox 459 1997 466 2011; x_wconf 86' lang='lat'><strong>.</strong></span> <span class='ocrx_word' id='word_1_145' title='bbox 491 1955 573 2024; x_wconf 86' lang='lat' dir='ltr'>Quae</span> <span class='ocrx_word' id='word_1_146' title='bbox 598 1954 650 2028; x_wconf 92' lang='lat' dir='ltr'>qui</span> <span class='ocrx_word' id='word_1_147' title='bbox 670 1954 776 2027; x_wconf 84' lang='lat' dir='ltr'>legerit</span> <span class='ocrx_word' id='word_1_148' title='bbox 792 1954 988 2012; x_wconf 88' lang='lat' dir='ltr'>sententiam:</span> <span class='ocrx_word' id='word_1_149' title='bbox 1009 1971 1078 2027; x_wconf 83' lang='lat' dir='ltr'>qiiee</span> <span class='ocrx_word' id='word_1_150' title='bbox 1093 1956 1158 2012; x_wconf 80' lang='lat' dir='ltr'>simi</span> <span class='ocrx_word' id='word_1_151' title='bbox 1180 1971 1241 2010; x_wconf 86' lang='lat' dir='ltr'>mee</span> <span class='ocrx_word' id='word_1_152' title='bbox 1255 1970 1354 2010; x_wconf 80' lang='lat' dir='ltr'>merim.</span> 
     </span>
     <span class='ocr_line' id='line_1_17' title="bbox 177 2060 1352 2135; baseline -0.003 -17"><span class='ocrx_word' id='word_1_153' title='bbox 177 2078 197 2117; x_wconf 90' lang='lat' dir='ltr'>a</span> <span class='ocrx_word' id='word_1_154' title='bbox 218 2060 320 2118; x_wconf 89' lang='lat' dir='ltr'>Marco</span> <span class='ocrx_word' id='word_1_155' title='bbox 345 2060 447 2135; x_wconf 90' lang='lat' dir='ltr'>premi,</span> <span class='ocrx_word' id='word_1_156' title='bbox 473 2063 509 2118; x_wconf 89' lang='lat' dir='ltr'>ut</span> <span class='ocrx_word' id='word_1_157' title='bbox 524 2061 654 2130; x_wconf 79' lang='lat' dir='ltr'>Quintus</span> <span class='ocrx_word' id='word_1_158' title='bbox 679 2062 710 2118; x_wconf 94' lang='lat' dir='ltr'>in</span> <span class='ocrx_word' id='word_1_159' title='bbox 733 2061 781 2118; x_wconf 91' lang='lat' dir='ltr'>his</span> <span class='ocrx_word' id='word_1_160' title='bbox 804 2061 917 2118; x_wconf 83' lang='lat' dir='ltr'>infimis</span> <span class='ocrx_word' id='word_1_161' title='bbox 933 2060 1037 2117; x_wconf 84' lang='lat' dir='ltr'>fratris</span> <span class='ocrx_word' id='word_1_162' title='bbox 1055 2078 1185 2128; x_wconf 92' lang='lat' dir='ltr'>manum,</span> <span class='ocrx_word' id='word_1_163' title='bbox 1211 2060 1241 2115; x_wconf 94' lang='lat' dir='ltr'>in</span> <span class='ocrx_word' id='word_1_164' title='bbox 1258 2076 1352 2133; x_wconf 91' lang='lat' dir='ltr'>supe-</span> 
     </span>
     <span class='ocr_line' id='line_1_18' title="bbox 176 2166 1351 2241; baseline -0.003 -16"><span class='ocrx_word' id='word_1_165' title='bbox 176 2168 306 2227; x_wconf 90' lang='lat' dir='ltr'>rioribus</span> <span class='ocrx_word' id='word_1_166' title='bbox 331 2171 433 2224; x_wconf 89' lang='lat' dir='ltr'>autern</span> <span class='ocrx_word' id='word_1_167' title='bbox 462 2167 591 2225; x_wconf 88' lang='lat' dir='ltr'>alienam</span> <span class='ocrx_word' id='word_1_168' title='bbox 620 2170 795 2241; x_wconf 84' lang='lat' dir='ltr'>cognoscat,</span> <span class='ocrx_word' id='word_1_169' title='bbox 828 2167 918 2225; x_wconf 83' lang='lat' dir='ltr'>facile</span> <span class='ocrx_word' id='word_1_170' title='bbox 950 2167 1069 2226; x_wconf 87' lang='lat' dir='ltr'>sentiet.</span> <span class='ocrx_word' id='word_1_171' title='bbox 1116 2166 1199 2224; x_wconf 88' lang='lat' dir='ltr'>Satis</span> <span class='ocrx_word' id='word_1_172' title='bbox 1231 2166 1258 2222; x_wconf 88' lang='lat' dir='ltr'>ei</span> <span class='ocrx_word' id='word_1_173' title='bbox 1289 2182 1351 2223; x_wconf 92' lang='lat' dir='ltr'>non</span> 
     </span>
     <span class='ocr_line' id='line_1_19' title="bbox 175 2272 1354 2348; baseline -0.001 -17"><span class='ocrx_word' id='word_1_174' title='bbox 175 2274 235 2332; x_wconf 85' lang='lat' dir='ltr'>luit</span> <span class='ocrx_word' id='word_1_175' title='bbox 257 2273 399 2332; x_wconf 90' lang='lat' dir='ltr'>scribere:</span> <span class='ocrx_word' id='word_1_176' title='bbox 424 2291 486 2332; x_wconf 90' lang='lat' dir='ltr'>ciim</span> <span class='ocrx_word' id='word_1_177' title='bbox 508 2274 682 2348; x_wconf 73' lang='lat' dir='ltr'>scripsissem</span> <span class='ocrx_word' id='word_1_178' title='bbox 703 2274 770 2332; x_wconf 82' lang='lat' dir='ltr'>boec</span> <span class='ocrx_word' id='word_1_179' title='bbox 792 2272 901 2346; x_wconf 67' lang='lat' dir='ltr'>intirim,</span> <span class='ocrx_word' id='word_1_180' title='bbox 926 2274 978 2332; x_wconf 89' lang='lat' dir='ltr'>sed</span> <span class='ocrx_word' id='word_1_181' title='bbox 1002 2273 1163 2348; x_wconf 88' lang='lat' dir='ltr'>apposuit:</span> <span class='ocrx_word' id='word_1_182' title='bbox 1194 2290 1264 2346; x_wconf 81' lang='lat' dir='ltr'>quoe</span> <span class='ocrx_word' id='word_1_183' title='bbox 1285 2276 1354 2330; x_wconf 78' lang='lat' dir='ltr'>simi</span> 
     </span>
     <span class='ocr_line' id='line_1_20' title="bbox 176 2380 1353 2456; baseline -0.001 -18"><span class='ocrx_word' id='word_1_184' title='bbox 176 2399 237 2438; x_wconf 85' lang='lat' dir='ltr'>meo</span> <span class='ocrx_word' id='word_1_185' title='bbox 259 2397 353 2440; x_wconf 80' lang='lat' dir='ltr'>mmmm.</span> <span class='ocrx_word' id='word_1_186' title='bbox 398 2381 503 2456; x_wconf 90' lang='lat' dir='ltr'>ltaque</span> <span class='ocrx_word' id='word_1_187' title='bbox 527 2382 654 2456; x_wconf 91' lang='lat' dir='ltr'>primam</span> <span class='ocrx_word' id='word_1_188' title='bbox 678 2381 841 2456; x_wconf 91' lang='lat' dir='ltr'>epistulam</span> <span class='ocrx_word' id='word_1_189' title='bbox 865 2399 885 2438; x_wconf 91' lang='lat' dir='ltr'>a</span> <span class='ocrx_word' id='word_1_190' title='bbox 907 2381 1030 2438; x_wconf 91' lang='lat' dir='ltr'>librario</span> <span class='ocrx_word' id='word_1_191' title='bbox 1055 2380 1257 2453; x_wconf 85' lang='lat' dir='ltr'>conscriptam</span> <span class='ocrx_word' id='word_1_192' title='bbox 1281 2397 1353 2437; x_wconf 89' lang='lat' dir='ltr'>esse</span> 
     </span>
     <span class='ocr_line' id='line_1_21' title="bbox 176 2487 1355 2563; baseline -0.002 -19"><span class='ocrx_word' id='word_1_193' title='bbox 176 2489 274 2563; x_wconf 89' lang='lat' dir='ltr'>putes.</span> <span class='ocrx_word' id='word_1_194' title='bbox 296 2509 299 2516; x_wconf 93' lang='lat'>·</span> <span class='ocrx_word' id='word_1_195' title='bbox 320 2488 414 2563; x_wconf 88' lang='lat' dir='ltr'>Atqui</span> <span class='ocrx_word' id='word_1_196' title='bbox 438 2487 549 2556; x_wconf 79' lang='lat' dir='ltr'>Cicero,</span> <span class='ocrx_word' id='word_1_197' title='bbox 576 2505 644 2544; x_wconf 92' lang='lat' dir='ltr'>cum</span> <span class='ocrx_word' id='word_1_198' title='bbox 668 2487 831 2562; x_wconf 90' lang='lat' dir='ltr'>epistulam</span> <span class='ocrx_word' id='word_1_199' title='bbox 855 2488 893 2544; x_wconf 90' lang='lat' dir='ltr'>ad</span> <span class='ocrx_word' id='word_1_200' title='bbox 917 2487 1173 2545; x_wconf 87' lang='lat' dir='ltr'>familiarissimos</span> <span class='ocrx_word' id='word_1_201' title='bbox 1188 2503 1282 2553; x_wconf 81' lang='lat' dir='ltr'>suos,</span> <span class='ocrx_word' id='word_1_202' title='bbox 1316 2488 1355 2542; x_wconf 92' lang='lat' dir='ltr'>ut</span> 
     </span>
     <span class='ocr_line' id='line_1_22' title="bbox 175 2593 1351 2670; baseline -0.002 -18"><span class='ocrx_word' id='word_1_203' title='bbox 175 2595 298 2652; x_wconf 88' lang='lat' dir='ltr'>fratrem</span> <span class='ocrx_word' id='word_1_204' title='bbox 313 2595 363 2652; x_wconf 90' lang='lat' dir='ltr'>vel</span> <span class='ocrx_word' id='word_1_205' title='bbox 377 2595 521 2662; x_wconf 90' lang='lat' dir='ltr'>Atticum,</span> <span class='ocrx_word' id='word_1_206' title='bbox 540 2595 672 2652; x_wconf 90' lang='lat' dir='ltr'>dandam</span> <span class='ocrx_word' id='word_1_207' title='bbox 688 2612 748 2652; x_wconf 90' lang='lat' dir='ltr'>non</span> <span class='ocrx_word' id='word_1_208' title='bbox 763 2595 829 2668; x_wconf 87' lang='lat' dir='ltr'>ipse</span> <span class='ocrx_word' id='word_1_209' title='bbox 846 2594 1009 2670; x_wconf 87' lang='lat' dir='ltr'>scribebat,</span> <span class='ocrx_word' id='word_1_210' title='bbox 1026 2594 1080 2651; x_wconf 88' lang='lat' dir='ltr'>sed</span> <span class='ocrx_word' id='word_1_211' title='bbox 1097 2610 1185 2651; x_wconf 91' lang='lat' dir='ltr'>servo</span> <span class='ocrx_word' id='word_1_212' title='bbox 1203 2593 1351 2661; x_wconf 83' lang='lat' dir='ltr'>dictabat,</span> 
     </span>
     <span class='ocr_line' id='line_1_23' title="bbox 176 2699 1352 2775; baseline -0.003 -17"><span class='ocrx_word' id='word_1_213' title='bbox 176 2719 213 2760; x_wconf 90' lang='lat' dir='ltr'>ne</span> <span class='ocrx_word' id='word_1_214' title='bbox 237 2701 299 2760; x_wconf 88' lang='lat' dir='ltr'>alia</span> <span class='ocrx_word' id='word_1_215' title='bbox 321 2720 413 2760; x_wconf 91' lang='lat' dir='ltr'>manu</span> <span class='ocrx_word' id='word_1_216' title='bbox 437 2720 504 2759; x_wconf 89' lang='lat' dir='ltr'>eam</span> <span class='ocrx_word' id='word_1_217' title='bbox 527 2719 596 2760; x_wconf 88' lang='lat' dir='ltr'>csse</span> <span class='ocrx_word' id='word_1_218' title='bbox 613 2702 799 2769; x_wconf 87' lang='lat' dir='ltr'>mirarentur,</span> <span class='ocrx_word' id='word_1_219' title='bbox 824 2702 855 2758; x_wconf 93' lang='lat' dir='ltr'>in</span> <span class='ocrx_word' id='word_1_220' title='bbox 872 2701 969 2775; x_wconf 89' lang='lat' dir='ltr'>prima</span> <span class='ocrx_word' id='word_1_221' title='bbox 983 2701 1014 2758; x_wconf 95' lang='lat' dir='ltr'>id</span> <span class='ocrx_word' id='word_1_222' title='bbox 1029 2701 1131 2758; x_wconf 90' lang='lat' dir='ltr'>verbis</span> <span class='ocrx_word' id='word_1_223' title='bbox 1148 2700 1238 2758; x_wconf 89' lang='lat' dir='ltr'>claris</span> <span class='ocrx_word' id='word_1_224' title='bbox 1255 2699 1352 2773; x_wconf 83' lang='lat' dir='ltr'>signi-</span> 
     </span>
     <span class='ocr_line' id='line_1_24' title="bbox 175 2806 1353 2881; baseline -0.002 -15"><span class='ocrx_word' id='word_1_225' title='bbox 175 2809 268 2866; x_wconf 79' lang='lat' dir='ltr'>ficare</span> <span class='ocrx_word' id='word_1_226' title='bbox 285 2809 413 2877; x_wconf 90' lang='lat' dir='ltr'>solebat,</span> <span class='ocrx_word' id='word_1_227' title='bbox 438 2808 559 2866; x_wconf 90' lang='lat' dir='ltr'>uthis:</span> <span class='ocrx_word' id='word_1_228' title='bbox 584 2806 651 2866; x_wconf 86' lang='lat' dir='ltr'>Nori</span> <span class='ocrx_word' id='word_1_229' title='bbox 675 2808 862 2881; x_wconf 76' lang='lat' dir='ltr'>occupatione,</span> <span class='ocrx_word' id='word_1_230' title='bbox 885 2824 1054 2881; x_wconf 82' lang='lat' dir='ltr'>quemquem</span> <span class='ocrx_word' id='word_1_231' title='bbox 1076 2825 1154 2865; x_wconf 90' lang='lat' dir='ltr'>erem</span> <span class='ocrx_word' id='word_1_232' title='bbox 1177 2824 1243 2865; x_wconf 86' lang='lat' dir='ltr'>sarie</span> <span class='ocrx_word' id='word_1_233' title='bbox 1264 2806 1353 2878; x_wconf 86' lang='lat' dir='ltr'>impe-</span> 
     </span>
     <span class='ocr_line' id='line_1_25' title="bbox 176 2912 1354 2988; baseline -0.002 -16"><span class='ocrx_word' id='word_1_234' title='bbox 176 2914 259 2987; x_wconf 82' lang='lat' dir='ltr'>ditas,</span> <span class='ocrx_word' id='word_1_235' title='bbox 282 2914 329 2972; x_wconf 85' lang='lat' dir='ltr'>sed</span> <span class='ocrx_word' id='word_1_236' title='bbox 347 2914 484 2988; x_wconf 78' lang='lat' dir='ltr'>pamelii</span> <span class='ocrx_word' id='word_1_237' title='bbox 500 2913 667 2987; x_wconf 76' lang='lat' dir='ltr'>lippitudine</span> <span class='ocrx_word' id='word_1_238' title='bbox 681 2913 818 2973; x_wconf 75' lang='lat' dir='ltr'>addictis</span> <span class='ocrx_word' id='word_1_239' title='bbox 833 2931 903 2986; x_wconf 86' lang='lat' dir='ltr'>siim,</span> <span class='ocrx_word' id='word_1_240' title='bbox 919 2915 951 2971; x_wconf 86' lang='lat' dir='ltr'>iit</span> <span class='ocrx_word' id='word_1_241' title='bbox 965 2912 1101 2972; x_wconf 82' lang='lat' dir='ltr'>dictarem</span> <span class='ocrx_word' id='word_1_242' title='bbox 1115 2913 1188 2971; x_wconf 84' lang='lat' dir='ltr'>bone</span> <span class='ocrx_word' id='word_1_243' title='bbox 1202 2912 1354 2986; x_wconf 81' lang='lat' dir='ltr'>epistelam</span> 
     </span>
     <span class='ocr_line' id='line_1_26' title="bbox 175 3014 1352 3102; baseline 0 -24"><span class='ocrx_word' id='word_1_244' title='bbox 175 3024 202 3078; x_wconf 84' lang='lat' dir='ltr'>et</span> <span class='ocrx_word' id='word_1_245' title='bbox 222 3038 287 3093; x_wconf 84' lang='lat' dir='ltr'>riom,</span> <span class='ocrx_word' id='word_1_246' title='bbox 310 3025 342 3079; x_wconf 81' lang='lat' dir='ltr'>iit</span> <span class='ocrx_word' id='word_1_247' title='bbox 364 3020 402 3078; x_wconf 83' lang='lat' dir='ltr'>ed</span> <span class='ocrx_word' id='word_1_248' title='bbox 424 3024 449 3078; x_wconf 81' lang='lat' dir='ltr'>te</span> <span class='ocrx_word' id='word_1_249' title='bbox 471 3020 552 3093; x_wconf 89' lang='lat' dir='ltr'>soleo,</span> <span class='ocrx_word' id='word_1_250' title='bbox 576 3021 636 3094; x_wconf 86' lang='lat' dir='ltr'>ipse</span> <span class='ocrx_word' id='word_1_251' title='bbox 658 3020 805 3079; x_wconf 82' lang='lat' dir='ltr'>scriberem</span> <span class='ocrx_word' id='word_1_252' title='bbox 828 3014 894 3102; x_wconf 89' lang='lat' dir='ltr'>(Qu.</span> <span class='ocrx_word' id='word_1_253' title='bbox 910 3020 945 3078; x_wconf 86' lang='lat' dir='ltr'>ir.</span> <span class='ocrx_word' id='word_1_254' title='bbox 962 3020 1023 3092; x_wconf 87' lang='lat'>112,</span> <span class='ocrx_word' id='word_1_255' title='bbox 1043 3019 1072 3097; x_wconf 86' lang='lat'>1)</span> <span class='ocrx_word' id='word_1_256' title='bbox 1096 3020 1145 3078; x_wconf 89' lang='lat' dir='ltr'>vel</span> <span class='ocrx_word' id='word_1_257' title='bbox 1169 3021 1230 3078; x_wconf 93' lang='lat' dir='ltr'>his:</span> <span class='ocrx_word' id='word_1_258' title='bbox 1263 3017 1352 3078; x_wconf 83' lang='lat' dir='ltr'>Occe-</span> 
     </span>
     <span class='ocr_line' id='line_1_27' title="bbox 170 3124 1351 3203; baseline -0.001 -18"><span class='ocrx_word' id='word_1_259' title='bbox 170 3126 322 3202; x_wconf 81' lang='lat' dir='ltr'>patiomim</span> <span class='ocrx_word' id='word_1_260' title='bbox 351 3145 479 3186; x_wconf 86' lang='lat' dir='ltr'>meeriim</span> <span class='ocrx_word' id='word_1_261' title='bbox 508 3127 561 3185; x_wconf 87' lang='lat' dir='ltr'>tibi</span> <span class='ocrx_word' id='word_1_262' title='bbox 589 3126 700 3202; x_wconf 79' lang='lat' dir='ltr'>siqniim</span> <span class='ocrx_word' id='word_1_263' title='bbox 729 3126 767 3185; x_wconf 85' lang='lat' dir='ltr'>sit</span> <span class='ocrx_word' id='word_1_264' title='bbox 797 3126 912 3186; x_wconf 81' lang='lat' dir='ltr'>librarii</span> <span class='ocrx_word' id='word_1_265' title='bbox 940 3143 1040 3184; x_wconf 79' lang='lat' dir='ltr'>omnus</span> <span class='ocrx_word' id='word_1_266' title='bbox 1076 3125 1139 3203; x_wconf 81' lang='lat' dir='ltr'>(Qu,</span> <span class='ocrx_word' id='word_1_267' title='bbox 1157 3127 1191 3186; x_wconf 86' lang='lat' dir='ltr'>tr.</span> <span class='ocrx_word' id='word_1_268' title='bbox 1215 3126 1294 3193; x_wconf 87' lang='grc'>1113,</span> <span class='ocrx_word' id='word_1_269' title='bbox 1313 3124 1351 3203; x_wconf 82' lang='grc'>1).</span> 
     </span>
     <span class='ocr_line' id='line_1_28' title="bbox 176 3232 1350 3305; baseline -0.002 -14"><span class='ocrx_word' id='word_1_270' title='bbox 176 3235 322 3293; x_wconf 87' lang='lat' dir='ltr'>Paeterea</span> <span class='ocrx_word' id='word_1_271' title='bbox 345 3234 483 3292; x_wconf 83' lang='lat' dir='ltr'>conferas</span> <span class='ocrx_word' id='word_1_272' title='bbox 510 3235 612 3293; x_wconf 89' lang='lat' dir='ltr'>locos:</span> <span class='ocrx_word' id='word_1_273' title='bbox 644 3234 908 3305; x_wconf 78' lang='lat' dir='ltr'>Qu.fr.1115‚1;</span> <span class='ocrx_word' id='word_1_274' title='bbox 940 3233 1159 3303; x_wconf 86' lang='lat' dir='ltr'>Att.ll23,l;</span> <span class='ocrx_word' id='word_1_275' title='bbox 1192 3232 1350 3303; x_wconf 81' lang='lat' dir='ltr'>1V16,1;</span> 
     </span>
     <span class='ocr_line' id='line_1_29' title="bbox 175 3337 1350 3423; baseline 0.001 -26"><span class='ocrx_word' id='word_1_276' title='bbox 175 3337 421 3423; x_wconf 76' lang='lat' dir='ltr'>V1113a‚3(7);</span> <span class='ocrx_word' id='word_1_277' title='bbox 445 3342 612 3412; x_wconf 89' lang='lat' dir='ltr'>V111121;</span> <span class='ocrx_word' id='word_1_278' title='bbox 640 3342 733 3411; x_wconf 87' lang='lat'>13,1;</span> <span class='ocrx_word' id='word_1_279' title='bbox 757 3341 891 3410; x_wconf 91' lang='grc' dir='ltr'>Χ14,1.</span> <span class='ocrx_word' id='word_1_280' title='bbox 942 3340 987 3398; x_wconf 80' lang='lat' dir='ltr'>Ex</span> <span class='ocrx_word' id='word_1_281' title='bbox 1020 3341 1067 3398; x_wconf 93' lang='lat' dir='ltr'>his</span> <span class='ocrx_word' id='word_1_282' title='bbox 1099 3340 1240 3398; x_wconf 88' lang='lat' dir='ltr'>omnibus</span> <span class='ocrx_word' id='word_1_283' title='bbox 1272 3339 1350 3398; x_wconf 88' lang='lat' dir='ltr'>locis</span> 
     </span>
     <span class='ocr_line' id='line_1_30' title="bbox 176 3447 1351 3524; baseline -0.002 -18"><span class='ocrx_word' id='word_1_284' title='bbox 176 3448 370 3522; x_wconf 85' lang='lat' dir='ltr'>cognoscitur</span> <span class='ocrx_word' id='word_1_285' title='bbox 385 3449 527 3512; x_wconf 89' lang='lat' dir='ltr'>Marcum,</span> <span class='ocrx_word' id='word_1_286' title='bbox 553 3467 621 3506; x_wconf 89' lang='lat' dir='ltr'>eum</span> <span class='ocrx_word' id='word_1_287' title='bbox 645 3449 807 3524; x_wconf 88' lang='lat' dir='ltr'>epistulam</span> <span class='ocrx_word' id='word_1_288' title='bbox 827 3448 942 3506; x_wconf 88' lang='lat' dir='ltr'>librarii</span> <span class='ocrx_word' id='word_1_289' title='bbox 965 3465 1058 3505; x_wconf 90' lang='lat' dir='ltr'>manu</span> <span class='ocrx_word' id='word_1_290' title='bbox 1081 3447 1120 3504; x_wconf 91' lang='lat' dir='ltr'>ad</span> <span class='ocrx_word' id='word_1_291' title='bbox 1136 3447 1270 3504; x_wconf 89' lang='lat' dir='ltr'>Atticum</span> <span class='ocrx_word' id='word_1_292' title='bbox 1295 3450 1351 3505; x_wconf 88' lang='lat' dir='ltr'>aut</span> 
     </span>
     <span class='ocr_line' id='line_1_31' title="bbox 177 3555 1352 3628; baseline -0.001 -16"><span class='ocrx_word' id='word_1_293' title='bbox 177 3555 215 3612; x_wconf 92' lang='lat' dir='ltr'>ad</span> <span class='ocrx_word' id='word_1_294' title='bbox 240 3555 382 3624; x_wconf 89' lang='lat' dir='ltr'>Quintum</span> <span class='ocrx_word' id='word_1_295' title='bbox 405 3555 528 3612; x_wconf 85' lang='lat' dir='ltr'>fratrem</span> <span class='ocrx_word' id='word_1_296' title='bbox 552 3557 770 3623; x_wconf 88' lang='lat' dir='ltr'>conscribebat,</span> <span class='ocrx_word' id='word_1_297' title='bbox 804 3573 871 3612; x_wconf 87' lang='lat' dir='ltr'>earn</span> <span class='ocrx_word' id='word_1_298' title='bbox 902 3555 1002 3613; x_wconf 90' lang='lat' dir='ltr'>aliena</span> <span class='ocrx_word' id='word_1_299' title='bbox 1024 3571 1117 3611; x_wconf 88' lang='lat' dir='ltr'>manu</span> <span class='ocrx_word' id='word_1_300' title='bbox 1140 3572 1208 3612; x_wconf 88' lang='lat' dir='ltr'>esse</span> <span class='ocrx_word' id='word_1_301' title='bbox 1232 3571 1352 3628; x_wconf 88' lang='lat' dir='ltr'>semper</span> 
     </span>
     <span class='ocr_line' id='line_1_32' title="bbox 176 3661 1349 3737; baseline -0.002 -19"><span class='ocrx_word' id='word_1_302' title='bbox 176 3661 357 3737; x_wconf 86' lang='lat' dir='ltr'>patefecisse</span> <span class='ocrx_word' id='word_1_303' title='bbox 381 3662 507 3737; x_wconf 89' lang='lat' dir='ltr'>eiusque</span> <span class='ocrx_word' id='word_1_304' title='bbox 530 3662 573 3719; x_wconf 88' lang='lat' dir='ltr'>rei</span> <span class='ocrx_word' id='word_1_305' title='bbox 596 3662 743 3721; x_wconf 91' lang='lat' dir='ltr'>rationem</span> <span class='ocrx_word' id='word_1_306' title='bbox 766 3662 895 3727; x_wconf 89' lang='lat' dir='ltr'>dedisse,</span> <span class='ocrx_word' id='word_1_307' title='bbox 921 3663 952 3718; x_wconf 88' lang='lat' dir='ltr'>ct</span> <span class='ocrx_word' id='word_1_308' title='bbox 974 3661 1004 3717; x_wconf 95' lang='lat' dir='ltr'>id</span> <span class='ocrx_word' id='word_1_309' title='bbox 1028 3661 1149 3736; x_wconf 90' lang='lat' dir='ltr'>quidem</span> <span class='ocrx_word' id='word_1_310' title='bbox 1172 3661 1349 3735; x_wconf 89' lang='lat' dir='ltr'>plerumque</span> 
     </span>
    </p>
   </div>
   <div class='ocr_carea' id='block_1_3' title="bbox 175 3767 1349 3954">
    <p class='ocr_par' dir='ltr' id='par_1_4' title="bbox 175 3767 1349 3954">
     <span class='ocr_line' id='line_1_33' title="bbox 176 3767 1348 3844; baseline -0.001 -18"><span class='ocrx_word' id='word_1_311' title='bbox 176 3768 279 3844; x_wconf 89' lang='lat' dir='ltr'>primis</span> <span class='ocrx_word' id='word_1_312' title='bbox 302 3769 404 3826; x_wconf 89' lang='lat' dir='ltr'>verbis</span> <span class='ocrx_word' id='word_1_313' title='bbox 428 3771 484 3826; x_wconf 91' lang='lat' dir='ltr'>aut</span> <span class='ocrx_word' id='word_1_314' title='bbox 507 3769 657 3836; x_wconf 86' lang='lat' dir='ltr'>extremis,</span> <span class='ocrx_word' id='word_1_315' title='bbox 682 3771 717 3826; x_wconf 92' lang='lat' dir='ltr'>ut</span> <span class='ocrx_word' id='word_1_316' title='bbox 740 3770 769 3825; x_wconf 95' lang='lat' dir='ltr'>in</span> <span class='ocrx_word' id='word_1_317' title='bbox 793 3768 851 3825; x_wconf 89' lang='lat' dir='ltr'>hae</span> <span class='ocrx_word' id='word_1_318' title='bbox 875 3767 1016 3842; x_wconf 89' lang='lat' dir='ltr'>epistula,</span> <span class='ocrx_word' id='word_1_319' title='bbox 1049 3785 1128 3842; x_wconf 91' lang='lat' dir='ltr'>quae</span> <span class='ocrx_word' id='word_1_320' title='bbox 1152 3769 1199 3825; x_wconf 89' lang='lat' dir='ltr'>est</span> <span class='ocrx_word' id='word_1_321' title='bbox 1223 3767 1261 3823; x_wconf 86' lang='lat' dir='ltr'>ad</span> <span class='ocrx_word' id='word_1_322' title='bbox 1285 3768 1348 3826; x_wconf 90' lang='lat' dir='ltr'>Att.</span> 
     </span>
     <span class='ocr_line' id='line_1_34' title="bbox 175 3873 1349 3954; baseline -0.003 -22"><span class='ocrx_word' id='word_1_323' title='bbox 175 3875 227 3932; x_wconf 90' lang='lat' dir='ltr'>VH</span> <span class='ocrx_word' id='word_1_324' title='bbox 243 3874 346 3954; x_wconf 85' lang='lat' dir='ltr'>13a.¹)</span> <span class='ocrx_word' id='word_1_325' title='bbox 384 3875 478 3951; x_wconf 90' lang='lat' dir='ltr'>Atqui</span> <span class='ocrx_word' id='word_1_326' title='bbox 508 3876 538 3932; x_wconf 93' lang='lat' dir='ltr'>in</span> <span class='ocrx_word' id='word_1_327' title='bbox 569 3877 666 3950; x_wconf 90' lang='lat' dir='ltr'>prima</span> <span class='ocrx_word' id='word_1_328' title='bbox 688 3875 742 3932; x_wconf 91' lang='lat' dir='ltr'>illa</span> <span class='ocrx_word' id='word_1_329' title='bbox 772 3874 905 3950; x_wconf 88' lang='lat' dir='ltr'>epistula</span> <span class='ocrx_word' id='word_1_330' title='bbox 925 3874 1008 3934; x_wconf 88' lang='lat' dir='ltr'>llll.</span> <span class='ocrx_word' id='word_1_331' title='bbox 1031 3874 1105 3932; x_wconf 93' lang='lat' dir='ltr'>nihil</span> <span class='ocrx_word' id='word_1_332' title='bbox 1128 3873 1278 3932; x_wconf 91' lang='lat' dir='ltr'>eiusmodi</span> <span class='ocrx_word' id='word_1_333' title='bbox 1300 3873 1349 3929; x_wconf 91' lang='lat' dir='ltr'>in-</span> 
     </span>
    </p>
   </div>
   <div class='ocr_carea' id='block_1_4' title="bbox 175 4045 1349 4298">
    <p class='ocr_par' dir='ltr' id='par_1_5' title="bbox 175 4045 1349 4298">
     <span class='ocr_line' id='line_1_35' title="bbox 265 4045 1349 4119; baseline -0.004 -18"><span class='ocrx_word' id='word_1_334' title='bbox 265 4048 284 4118; x_wconf 88' lang='grc'>1)</span> <span class='ocrx_word' id='word_1_335' title='bbox 304 4048 409 4102; x_wconf 87' lang='lat' dir='ltr'>Paulus</span> <span class='ocrx_word' id='word_1_336' title='bbox 436 4048 596 4119; x_wconf 90' lang='lat' dir='ltr'>apostolus,</span> <span class='ocrx_word' id='word_1_337' title='bbox 622 4050 655 4102; x_wconf 92' lang='lat' dir='ltr'>ut</span> <span class='ocrx_word' id='word_1_338' title='bbox 674 4046 823 4118; x_wconf 88' lang='lat' dir='ltr'>epistulam</span> <span class='ocrx_word' id='word_1_339' title='bbox 842 4046 945 4102; x_wconf 90' lang='lat' dir='ltr'>librarii</span> <span class='ocrx_word' id='word_1_340' title='bbox 963 4063 1050 4101; x_wconf 89' lang='lat' dir='ltr'>manu</span> <span class='ocrx_word' id='word_1_341' title='bbox 1073 4045 1207 4116; x_wconf 84' lang='lat' dir='ltr'>scriptam</span> <span class='ocrx_word' id='word_1_342' title='bbox 1232 4060 1294 4098; x_wconf 89' lang='lat' dir='ltr'>esso</span> <span class='ocrx_word' id='word_1_343' title='bbox 1317 4061 1349 4098; x_wconf 89' lang='lat' dir='ltr'>se</span> 
     </span>
     <span class='ocr_line' id='line_1_36' title="bbox 175 4132 1346 4207; baseline -0.003 -18"><span class='ocrx_word' id='word_1_344' title='bbox 175 4138 291 4191; x_wconf 88' lang='lat' dir='ltr'>auctore</span> <span class='ocrx_word' id='word_1_345' title='bbox 303 4136 450 4203; x_wconf 90' lang='lat' dir='ltr'>iudicaret,</span> <span class='ocrx_word' id='word_1_346' title='bbox 469 4136 554 4190; x_wconf 88' lang='lat' dir='ltr'>aliam</span> <span class='ocrx_word' id='word_1_347' title='bbox 567 4137 706 4191; x_wconf 88' lang='lat' dir='ltr'>rationem</span> <span class='ocrx_word' id='word_1_348' title='bbox 719 4137 897 4207; x_wconf 89' lang='lat' dir='ltr'>sequebatur,</span> <span class='ocrx_word' id='word_1_349' title='bbox 910 4137 943 4190; x_wconf 91' lang='lat' dir='ltr'>ut</span> <span class='ocrx_word' id='word_1_350' title='bbox 954 4138 1036 4206; x_wconf 87' lang='lat' dir='ltr'>patet</span> <span class='ocrx_word' id='word_1_351' title='bbox 1047 4135 1080 4189; x_wconf 89' lang='lat' dir='ltr'>H.</span> <span class='ocrx_word' id='word_1_352' title='bbox 1093 4133 1258 4188; x_wconf 78' lang='lat' dir='ltr'>Thessalos.</span> <span class='ocrx_word' id='word_1_353' title='bbox 1272 4132 1346 4198; x_wconf 68' lang='lat' dir='ltr'>alr:</span> 
     </span>
     <span class='ocr_line' id='line_1_37' title="bbox 175 4219 1347 4298; baseline 0.001 -23"><span class='ocrx_word' id='word_1_354' title='bbox 175 4223 189 4275; x_wconf 87' lang='grc' dir='ltr'>ὁ</span> <span class='ocrx_word' id='word_1_355' title='bbox 203 4222 340 4294; x_wconf 75' lang='grc' dir='ltr'><em>ἀσπασμὸς</em></span> <span class='ocrx_word' id='word_1_356' title='bbox 351 4226 385 4297; x_wconf 78' lang='grc' dir='ltr'>τῇ</span> <span class='ocrx_word' id='word_1_357' title='bbox 396 4222 448 4298; x_wconf 80' lang='grc' dir='ltr'>ἐμῇ</span> <span class='ocrx_word' id='word_1_358' title='bbox 457 4229 523 4294; x_wconf 79' lang='grc' dir='ltr'><strong><em>χειρὶ</em></strong></span> <span class='ocrx_word' id='word_1_359' title='bbox 535 4222 650 4288; x_wconf 73' lang='grc' dir='ltr'><strong><em>Παύλου,</em></strong></span> <span class='ocrx_word' id='word_1_360' title='bbox 671 4223 688 4276; x_wconf 81' lang='grc' dir='ltr'>ὅ</span> <span class='ocrx_word' id='word_1_361' title='bbox 699 4221 755 4276; x_wconf 80' lang='grc' dir='ltr'><strong><em>ἐστι</em></strong></span> <span class='ocrx_word' id='word_1_362' title='bbox 767 4224 872 4293; x_wconf 71' lang='grc' dir='ltr'><em>σημεῖον</em></span> <span class='ocrx_word' id='word_1_363' title='bbox 884 4221 913 4277; x_wconf 80' lang='lat' dir='ltr'>e‘r</span> <span class='ocrx_word' id='word_1_364' title='bbox 923 4223 996 4296; x_wconf 83' lang='grc' dir='ltr'>πάσῃ</span> <span class='ocrx_word' id='word_1_365' title='bbox 1008 4219 1139 4295; x_wconf 75' lang='grc' dir='ltr'><strong><em>ἐπιστολῇ.</em></strong></span> <span class='ocrx_word' id='word_1_366' title='bbox 1167 4221 1234 4274; x_wconf 71' lang='grc' dir='ltr'><em>οὕτω</em></span> <span class='ocrx_word' id='word_1_367' title='bbox 1245 4220 1347 4291; x_wconf 74' lang='grc' dir='ltr'><em>γράφω.</em></span> 
     </span>
    </p>
   </div>
   <div class='ocr_carea' id='block_1_5' title="bbox 0 0 1490 4822">
    <p class='ocr_par' dir='ltr' id='par_1_6' title="bbox 0 0 1490 4822">
     <span class='ocr_line' id='line_1_38' title="bbox 0 0 1490 4822; baseline 0 0"><span class='ocrx_word' id='word_1_368' title='bbox 0 0 1490 4822; x_wconf 95' lang='lat' dir='ltr'> </span> 
     </span>
    </p>
   </div>
  </div>
 </body>
</html>
