2970 4822
644 329 844 386 ..6-

156 525 262 580 eornm,
293 507 343 581 qni
371 525 428 566 nno
458 511 553 570 essent.
586 525 757 581 quemqnam,
772 507 870 585 fnisse,
900 506 950 581 qni
971 506 1166 565 vadimonium
1190 505 1335 580 concipere

152 618 249 688 posset
272 614 335 692 (Qu.
358 615 393 672 fr.
418 614 443 671 ll
462 615 510 682 13,
526 613 565 691 3).
611 615 706 688 Atqui
741 614 825 672 nullo
858 614 925 672 loco
958 614 1132 672 Trebatium
1167 631 1230 671 una
1264 631 1333 671 oum

158 722 268 792 Quinto
286 722 454 796 profectum
474 739 542 779 esse
559 721 781 795 cognoscimus
800 721 891 779 immo
908 738 976 778 eum
993 720 1151 795 aliquanto
1175 720 1330 795 temporis

157 829 337 903 priusquam
353 827 483 898 Quintus·
498 828 623 895 veniret,
649 828 731 902 apud
749 828 908 885 Caesarem
923 827 1021 885 fuisse
1037 827 1117 884 infra
1133 825 1171 902 (p.
1188 825 1331 902 44-45)

156 935 284 1005 dooebo;
310 952 379 1009 ergo
405 934 568 1010 quaeritur,
593 937 694 992 utrum
711 935 823 992 Caesar
842 934 925 991 illam
948 934 1091 992 iuvenum
1108 933 1332 991 multitudinem

156 1041 188 1098 in
211 1042 361 1116 cisalpina
383 1042 454 1116 ipsa
476 1058 578 1098 seeum
594 1042 735 1098 habuerit
765 1044 796 1098 et
819 1058 881 1098 una
903 1041 933 1098 in
954 1041 1177 1114 transalpinam
1201 1040 1331 1097 Galliam

156 1149 312 1223 proiectus
337 1149 386 1216 sit,
413 1166 452 1205 an
477 1166 543 1205 eam
574 1148 605 1204 in
628 1147 821 1223 transalpina
851 1148 970 1205 demum
994 1148 1176 1205 convenerit
1226 1147 1331 1222 Neque

157 1254 272 1322 dubito,
287 1255 359 1329 quin
376 1255 488 1312 Caesar
500 1272 568 1312 cum
580 1272 618 1311 ea
628 1255 688 1312 nisi
700 1254 830 1330 Alpibus
843 1255 996 1329 superatis
1009 1271 1071 1311 non
1083 1271 1267 1328 congressus
1281 1254 1330 1314 sit.

246 1361 362 1431 Quibus
380 1361 519 1419 omnibus
536 1361 572 1418 de
590 1362 693 1420 causis
717 1363 748 1419 in
765 1364 907 1436 corrupto
924 1361 975 1419 illo
992 1362 1112 1419 nomine
1128 1360 1331 1420 Blandenonne

156 1467 259 1542 aliquo
284 1468 373 1525 modo
396 1485 506 1525 nomen
530 1469 632 1542 oppidi
655 1468 838 1543 transalpini
861 1468 947 1526 velut
969 1467 1213 1526 Andematunnum
1236 1467 1330 1525 latere

156 1574 295 1649 equidem
327 1574 452 1632 conicio.
499 1575 532 1632 ln
563 1574 616 1633 illa
650 1579 752 1633 autem
780 1575 914 1650 epistula
948 1575 1138 1633 scribendum
1176 1577 1224 1632 est
1254 1592 1330 1632 casu

155 1681 291 1739 ablativo
307 1679 537 1743 ,Andematunna
583 1683 627 1739 Ac
659 1683 787 1756 primum
819 1682 939 1756 quidem
970 1682 1100 1740 nominis
1128 1680 1331 1740 Blandenonne

156 1789 252 1846 maior
274 1788 441 1846 litterarum
465 1806 536 1863 pars
561 1789 787 1846 similitudinem
811 1789 964 1864 quandam
987 1789 1080 1846 habet
1111 1806 1178 1846 cum
1209 1787 1329 1845 nomine

155 1893 379 1967 Andennntnnno,
410 1897 530 1969 praeter
559 1895 628 1953 illas
652 1896 771 1952 litteras
796 1896 908 1969 primas
932 1894 990 1962 Bl,
1025 1913 1112 1970 quae,
1146 1912 1207 1969 quo
1239 1895 1328 1952 modo

155 2004 241 2058 ortae
266 2001 337 2069 sint,
371 2002 468 2058 dicere
492 2019 554 2059 non
577 2019 712 2076 possum.
757 2002 873 2060 Deinde
896 2003 1161 2059 Andematunnum
1185 2001 1329 2076 oppidum

155 2108 324 2181 proximum
356 2111 404 2166 est
434 2127 454 2165 a
476 2108 600 2182 Belgica
632 2112 662 2167 et
685 2127 778 2184 prope
809 2109 893 2166 illam
916 2109 998 2167 viam
1022 2109 1091 2176 sita,
1127 2126 1204 2183 quae
1227 2108 1287 2165 luit
1310 2127 1330 2164 a

154 2213 322 2283 Placentia,
348 2232 401 2289 per
415 2215 508 2290 Alpes
526 2216 653 2285 Cottiae,
679 2221 797 2291 praeter
812 2216 993 2273 Rhodanum
1017 2218 1047 2273 et
1062 2216 1179 2272 Ararim
1202 2215 1327 2282 fluvioS,

154 2320 186 2377 in
209 2320 369 2394 Belgicam.
416 2322 483 2391 Qua
512 2323 565 2380 via
595 2323 737 2381 homines>
755 2323 885 2381 Romani
915 2323 946 2379 in
970 2322 1099 2380 Galliam
1124 2325 1154 2379 et
1175 2321 1329 2395 Belgicam

154 2427 382 2502 proficiscentes
418 2429 463 2486 uti
499 2429 640 2487 solebant
671 2430 810 2488 Caesaris
846 2431 948 2487 aetate
959 2426 994 2505 ¹);
1028 2447 1047 2486 a
1078 2428 1256 2486 Cavillunno
1288 2429 1329 2486 ad

154 2534 269 2592 Ararim
294 2535 422 2593 fluvium
447 2536 507 2594 sito
531 2537 610 2594 duae
633 2537 703 2594 viae
728 2537 962 2604 divertebantur,
993 2535 1091 2593 altera
1113 2535 1152 2592 ad
1176 2536 1326 2604 Bibracte,

92 2624 94 2632 ¹
153 2659 215 2716 qua
242 2642 418 2718 plerumque
449 2661 512 2712 eos.
546 2644 598 2718 qui
622 2646 742 2719 portum
770 2643 858 2701 ltium
887 2643 1039 2717 petebant,
1073 2642 1226 2717 proiectos
1258 2659 1328 2700 esse

137 2749 217 2832 *veri
240 2749 337 2806 simile
361 2752 409 2807 est
419 2745 453 2828 2),
487 2750 584 2808 altera
614 2752 698 2808 recta
728 2768 826 2825 usque
858 2749 896 2807 ad
920 2749 1187 2806 Andematunnum
1217 2749 1327 2806 ferens.

153 2854 314 2912 Praeterea
337 2873 356 2912 a
379 2856 518 2913 Bibracte
542 2857 594 2913 via
625 2858 691 2913 crat
713 2874 812 2930 usque
836 2856 875 2912 ad
899 2850 1205 2930 Andematunnumil.
1252 2855 1327 2911 Rem

153 2961 246 3033 igitur
270 2963 314 3018 sic
338 2980 371 3019 se
389 2963 535 3019 habuisse
552 2965 635 3037 puto.
676 2962 789 3020 Caesar
811 2963 949 3029 iuvenes,
975 2979 1102 3036 quarum
1118 2961 1327 3019 familiaritate

152 3068 306 3137 utebatur,
339 3069 479 3125 Bibracte
511 3069 577 3126 sive
601 3070 868 3142 Augustodunum.
902 3086 963 3144 quo
987 3068 1084 3126 hieme
1108 3069 1281 3126 ventitabat
1290 3064 1323 3144 ⁴).

152 3177 398 3249 congregaverat,
431 3176 511 3233 unde
539 3176 658 3233 abierat
688 3176 726 3232 ad
751 3176 915 3233 exereitum
946 3178 977 3233 et
999 3176 1224 3233 Andematunni
1247 3176 1326 3232 forte

152 3281 295 3350 Quintum
319 3283 461 3340 convenit
484 3285 539 3340 aut
562 3282 593 3339 in
616 3283 674 3340 hoc
691 3282 801 3356 oppido
819 3300 872 3357 per
894 3281 994 3340 maius
1017 3282 1163 3356 temporis
1188 3282 1322 3356 spatium

151 3388 213 3444 iam
236 3390 328 3445 antea
350 3392 487 3447 moratus
512 3391 571 3458 est;
604 3389 783 3463 litteraeque
814 3390 880 3447 eius
905 3391 935 3447 et
958 3389 1061 3459 Quinti
1091 3389 1161 3446 inde
1186 3389 1327 3446 videntur

144 3494 242 3555 datae
267 3512 344 3552 esse.

241 3602 325 3671 Quae
348 3603 375 3660 si
398 3603 443 3660 ita
466 3606 546 3671 sunt,
580 3621 640 3677 quo
664 3605 799 3677 tempore
823 3602 979 3676 congressi
1010 3601 1079 3670 sint,
1112 3601 1233 3658 facilius
1258 3603 1324 3658 sta-

150 3708 256 3766 tuitur.
302 3710 567 3768 Andematunnum
599 3710 676 3768 enim
708 3728 728 3766 a
755 3710 853 3766 Roma
876 3710 965 3766 abest
996 3708 1076 3766 circa
1098 3708 1178 3766 MXL
1201 3708 1325 3766 milibus

241 3900 259 3968 ¹)
279 3900 387 3964 Nissen,
407 3901 465 3954 ital.
485 3899 624 3954 Laudesk.
644 3898 724 3954 voll
743 3916 769 3970 p.
785 3897 844 3965 156,
864 3897 1001 3965 157-58;
1026 3897 1087 3954 itin.
1107 3899 1211 3952 Antou.
1231 3914 1257 3968 p.
1274 3898 1325 3952 169

150 3988 193 4043 bis
214 3987 272 4043 171.

147 4097 149 4100 ·
241 4078 260 4146 ⁹]
279 4077 339 4132 itin.
360 4079 425 4132 Ant.
444 4094 471 4148 p.
486 4077 546 4131 171.

240 4167 259 4237 8)
278 4167 401 4238 Kiepert,
421 4165 495 4220 atlas
512 4166 621 4236 antiqu.
640 4166 699 4221 tab.
718 4165 764 4220 Xl.

239 4255 259 4326 ⁴)
279 4255 388 4310 Kraner
405 4272 430 4325 p.
444 4252 504 4310 380.
