2970 4822
608 349 832 407 -53-

129 532 156 588 et
180 527 284 604 Quinto
308 524 402 600 fratri
423 524 534 602 pretias
556 526 601 601 epi
616 569 623 585 .
640 570 646 584 .
664 570 694 586 ..
721 525 844 584 Litteris
868 525 947 583 enim
971 544 990 583 a
1013 524 1155 583 Trebatio
1179 524 1305 582 redditis

129 636 234 694 fratris
259 637 295 693 de
310 634 453 692 familiari
476 633 612 692 studium
635 632 742 690 inutile
765 650 826 690 non
846 633 944 690 fuisse
967 631 1119 705 cognovit.
1143 610 1305 690 Trebatius

132 743 210 800 enim
234 741 326 800 animi
353 741 523 799 mutatione
545 741 632 798 facta
661 738 802 799 derideto
830 739 910 798 urbis
939 737 1161 814 urbanitatisque
1196 737 1260 815 (Vll
1274 737 1304 815 6)

132 849 285 907 abiecerat
307 850 338 906 et
353 847 384 905 in
399 847 533 906 hibernis
551 847 633 922 apud
650 846 810 905 Caesarem
826 863 948 904 manere
964 846 1174 905 constituerat.
1205 846 1306 920 Atque

131 955 252 1013 Trebati
283 954 417 1029 epistula
447 956 613 1030 postquam
646 953 749 1012 Cicero
780 953 966 1028 superiorem
992 954 1021 1012 9.
1053 952 1145 1017 misit,
1178 952 1306 1010 Romam

131 1063 250 1137 perlata
273 1063 328 1120 est.

219 1169 259 1226 Ut
281 1169 382 1243 igitur,
409 1167 532 1242 quando
557 1167 690 1241 epistula
717 1167 765 1225 17.
790 1167 864 1224 data
887 1167 937 1236 sit,
970 1165 1163 1224 inveniamus
1186 1164 1306 1222 litterae

129 1276 200 1334 inde
224 1275 262 1333 ad
290 1275 413 1332 tratrem
437 1274 529 1330 datae
560 1273 798 1346 perscrutandae
830 1276 910 1331 sunt.
956 1273 991 1330 ln
1014 1272 1197 1348 quibusdam
1228 1272 1307 1329 enim

131 1383 235 1440 Cicero
269 1382 305 1438 de
340 1380 482 1437 Trebatio
517 1379 604 1436 fratri
638 1379 754 1453 gratias
789 1380 859 1452 egit,
895 1381 932 1436 ut
965 1397 1060 1454 supra
1082 1379 1223 1438 vidimus
1273 1379 1307 1436 In

131 1487 270 1562 epistulis
295 1485 378 1546 1112.
403 1488 434 1543 et
456 1485 495 1556 4.,
522 1503 601 1561 quae
624 1485 766 1543 videntur
788 1485 923 1559 integrae
948 1502 1025 1554 esse,
1057 1486 1132 1542 nihil
1156 1486 1306 1544 eiusmodi

131 1595 212 1651 inest
234 1610 333 1667 neque
356 1594 387 1649 in
410 1592 565 1667 proximis,
591 1610 669 1668 quas
693 1591 894 1667 praetermitti
916 1591 995 1659 lieet,
1024 1590 1056 1648 id
1080 1592 1226 1665 scriptum
1250 1594 1305 1650 est.

131 1700 261 1775 Reliqua
284 1699 377 1773 igitur
399 1699 468 1757 sola
491 1701 539 1757 est
554 1698 688 1774 epistula
704 1699 742 1767 3.‚
761 1699 848 1756 euius
873 1698 1000 1756 alteram
1016 1700 1132 1774 partem
1151 1700 1307 1755 servatam

131 1807 289 1876 habemus,
315 1808 409 1881 atque
431 1805 521 1863 facile
537 1805 604 1863 fieri
619 1808 749 1881 poterat,
775 1805 856 1862 utin
872 1805 970 1880 priore
986 1807 1082 1880 parte,
1109 1822 1188 1880 quae
1207 1804 1304 1881 periit,

76 1937 80 1943 ·
132 1915 266 1971 Marcum
288 1913 376 1971 fratri
393 1912 430 1971 de
453 1912 519 1970 eius
542 1913 574 1970 iu
590 1911 764 1971 Trebatium
788 1912 891 1970 studio
907 1911 1024 1987 gratias
1049 1928 1137 1986 agere
1161 1911 1307 1988 seriptum

132 2022 223 2079 esset.
270 2019 344 2077 Cum
367 2020 425 2077 hoo
448 2020 529 2078 enim'
550 2022 685 2095 tempore
709 2019 861 2088 convenit,
891 2020 973 2095 quod
998 2018 1101 2077 Cieero
1126 2036 1142 2076 e
1165 2018 1306 2076 Trebatio

132 2127 258 2202 quaerit,
283 2127 337 2185 ubi
360 2127 549 2185 hiematurus
574 2127 624 2196 sit,
650 2144 720 2196 non,
746 2127 799 2184 ubi
822 2126 941 2184 hiemet.

219 2235 326 2309 ltaque
361 2233 599 2292 concludendum
634 2235 683 2290 est
717 2231 880 2306 epistulam
911 2250 991 2307 quae
1026 2234 1074 2290 est
1102 2231 1173 2289 iam.
1189 2231 1244 2288 VH
1258 2230 1307 2291 17.

132 2358 194 2398 una
225 2357 292 2398 eum
320 2338 423 2410 Quinti
446 2338 531 2396 1113.
558 2338 657 2396 medio
688 2338 751 2395 tere
782 2355 885 2396 mense
919 2338 1041 2396 Octobri
1072 2338 1197 2396 missam
1229 2356 1306 2398 esse.

132 2447 275 2521 Idemque
299 2445 409 2503 statuit
431 2443 565 2502 Koerner
588 2444 714 2502 arbitrio
739 2443 806 2502 solo
831 2443 942 2502 duetus
967 2442 1006 2520 (p.
1023 2438 1086 2526 56).
