2970 4822
634 356 859 414 „47-

154 554 265 594 ansam
298 535 455 593 habemus.
506 535 597 591 Patet
631 534 709 592 enim
733 533 773 590 ad
807 533 979 591 Trebatium
1013 534 1183 592 Ciceronem
1219 534 1338 593 litteras

154 642 226 700 illas
251 640 315 717 (Vll
333 641 363 718 8)
395 640 516 698 dedisse
549 640 721 715 proximae,
755 658 823 697 cum
855 658 881 701 a.
904 641 930 698 d.
952 640 1000 698 ΙΙΙ.
1016 641 1093 699 Non.
1110 640 1174 698 Iun.
1198 641 1337 699 Caesaris

158 749 335 822 accepisset.
393 747 496 823 Neque
532 747 638 805 eodem
671 751 822 822 tempore,
866 765 926 822 quo
962 747 1001 804 ad
1037 748 1180 818 Quintum
1214 749 1338 806 fratrem

155 856 320 931 epistulam
343 855 434 913 1113.
459 858 490 912 et
520 855 560 911 ad
584 854 759 921 Caesarem,
794 872 856 930 qua
882 854 1072 912 tribunatum
1096 855 1198 912 Curtio
1230 855 1339 932 petivit

155 962 204 1039 (cf.
220 981 247 1037 p.
265 962 317 1041 21)
334 963 425 1032 misit,
444 962 527 1019 illam
544 961 665 1020 Trebati
682 962 779 1031 dedit;
803 961 834 1018 in
850 962 908 1018 hac
925 961 1002 1019 euim
1019 961 1165 1036 scriptum
1181 961 1337 1020 videmus:

157 1069 212 1128 Cni
237 1069 347 1145 qnidam
369 1087 417 1145 epo
440 1068 575 1143 resumpsi
603 1085 687 1144 qnam
709 1067 782 1126 mibi
804 1071 917 1143 pratnm
940 1072 1007 1127 esset
1029 1068 1176 1141 fatarnm,
1207 1068 1338 1144 siquam

147 1176 311 1249 plurimam
338 1176 370 1235 in
402 1180 428 1234 te
454 1175 559 1249 stadii,
583 1174 692 1248 officii,
723 1174 903 1234 liberalitatis
925 1192 991 1234 snae
1014 1174 1172 1234 contulisset
1193 1209 1238 1218 -
1260 1176 1338 1236 haee

154 1284 309 1341 infuerunt
321 1285 352 1341 in
366 1282 508 1358 epistula,
527 1301 618 1358 quam
637 1283 741 1339 statim
759 1283 797 1339 ab
815 1301 841 1339 a.
859 1283 885 1340 d.
897 1282 945 1340 Ill.
958 1282 1034 1340 Non.
1047 1283 1110 1341 lun.
1124 1283 1164 1340 ad
1176 1282 1337 1341 Caesarem

152 1391 245 1459 misit,
272 1407 334 1465 qua
356 1390 545 1446 tribunatum
570 1388 673 1446 Curtio
698 1389 806 1462 petivit
828 1421 880 1456 -,
906 1386 960 1446 Sed
979 1407 1015 1446 ere
1030 1389 1087 1447 tais
1102 1389 1205 1448 litteris
1221 1389 1338 1464 ccpnom

150 1512 377 1568 praeproperam
403 1493 544 1569 qnondam
566 1493 772 1566 festinationem
795 1497 888 1566 taam,
920 1498 945 1551 et
975 1494 1060 1552 amal
1081 1513 1143 1553 snm
1169 1495 1338 1569 admiratae,

155 1619 207 1659 cnr
230 1601 389 1660 tribunatus
412 1600 555 1659 commoda
579 1600 688 1674 dempto
699 1600 870 1674 praesertim
893 1600 987 1658 labore
1006 1600 1126 1659 miiitiae
1141 1603 1337 1676 contempseris

155 1706 189 1784 (e.
210 1707 246 1786 l).
293 1710 318 1764 A
350 1708 491 1766 Trebatio
523 1708 630 1782 igitur,
665 1711 829 1783 postquam
854 1707 956 1765 Cicero
989 1708 1150 1781 epistulam
1179 1708 1272 1767 1113.
1296 1710 1336 1767 ad

153 1816 299 1885 Quintum
324 1817 355 1872 et
378 1815 504 1872 alteram
528 1815 567 1873 ad
592 1815 751 1873 Caesarem
775 1814 869 1884 dedit,
894 1814 1014 1872 litterae
1037 1818 1197 1884 venerunt,
1224 1816 1335 1891 quibus

152 1922 342 1979 tribunatum
366 1940 386 1979 a
402 1921 532 1979 Caesare
557 1922 694 1979 oblatum
710 1939 730 1978 a
744 1920 887 1978 familiari
904 1924 1110 1996 contemptum
1128 1939 1198 1980 esse
1213 1922 1334 1982 Marcus

152 2030 306 2102 cognovit.
352 2029 391 2086 Et
413 2029 452 2086 ad
477 2047 530 2095 eas
554 2029 710 2102 rescripsit
733 2047 812 2104 quae
836 2031 910 2085 sunt
932 2028 987 2086 Vll
1004 2029 1032 2087 8.
1075 2038 1076 2042 ’

243 2135 347 2211 Neque
394 2136 472 2194 enim
510 2136 581 2193 illae
619 2136 737 2194 litterae
777 2154 796 2193 a
834 2136 975 2193 Trebatio
1014 2136 1127 2193 missae
1165 2154 1228 2194 una
1266 2155 1334 2194 cum

153 2243 256 2312 Quinti
294 2246 325 2300 et
364 2242 507 2301 Caesaris
547 2261 574 2300 a.
607 2243 634 2300 d.
666 2242 713 2299 ΙΙΙ.
744 2243 821 2300 Non.
853 2242 916 2299 lun.
947 2242 1082 2300 redditae
1121 2246 1211 2311 sunt,
1251 2244 1331 2319 quia,

151 2351 179 2407 si
214 2367 277 2406 una
308 2349 443 2405 redditae
479 2351 591 2416 essent,
630 2348 721 2404 etiam
757 2348 862 2405 eodem
896 2351 1031 2422 tempore
1066 2366 1082 2406 e
1114 2349 1214 2407 Callia
1243 2351 1334 2409 datae

151 2458 265 2513 essent.
314 2455 389 2511 Tum
428 2454 506 2512 enim
538 2453 698 2511 familiaris
733 2455 923 2511 tribunatum
958 2454 1020 2511 iam
1051 2455 1205 2513 reiecisset
1235 2475 1333 2533 neque

153 2562 282 2629 Caesar,
317 2578 384 2617 curn
416 2561 452 2618 de
481 2578 517 2617 eo
542 2561 710 2628 scribebat,
743 2564 807 2618 tam
830 2560 1003 2618 humaniter
1026 2564 1056 2618 et
1079 2562 1215 2636 persalse
1239 2563 1334 2621 iocari

152 2684 251 2741 neque
281 2666 416 2725 Ciceroni
451 2670 561 2741 postea
595 2668 756 2725 rescribere
791 2667 931 2725 licuisset
961 2667 1000 2724 ad
1032 2667 1208 2737 Caesarem,
1242 2687 1333 2744 quam

149 2781 272 2848 gratum
296 2774 354 2832 sibi
378 2776 461 2832 esset
479 2774 625 2841 futurum,
652 2775 678 2832 si
698 2792 789 2849 quam
806 2774 967 2849 plurimum
983 2774 1015 2831 in
1030 2775 1210 2832 familiarem
1226 2777 1330 2844 studii,

150 2881 255 2949 efficii,
280 2881 472 2940 liberalitatis
496 2899 572 2939 suae
596 2881 784 2939 contulisset.
823 2881 983 2940 Trebatius
1008 2883 1086 2940 enim
1109 2885 1174 2940 tum
1191 2883 1332 2943 Caesaris

150 2988 362 3046 liberalitatem
378 2989 541 3049 reiecisset.
581 2989 712 3046 Dubium
728 2988 822 3062 igitur
836 3007 898 3047 non
918 2992 975 3058 est,
1002 2989 1074 3066 quin
1091 2990 1193 3049 Cicero
1210 2991 1332 3050 Trebati

150 3095 268 3153 litteras
300 3099 373 3170 post
404 3115 430 3154 a.
452 3095 479 3155 d.
497 3096 544 3153 ΙΙΙ.
564 3096 641 3154 Non.
662 3096 725 3154 lun.
757 3097 915 3171 acceperit.
970 3090 1071 3172 Atque
1103 3116 1194 3172 quam
1227 3098 1331 3156 Cicero

149 3203 256 3260 deinde
288 3204 326 3260 ad
359 3220 427 3260 eum
457 3203 614 3278 rescripsit
637 3201 702 3279 (Vll
719 3202 748 3279 8)
779 3205 947 3279 proximam
977 3204 1074 3261 fuisse
1102 3207 1196 3278 patet.
1246 3205 1331 3262 Hanc

150 3309 189 3363 ad
214 3325 347 3364 mensem
371 3308 532 3378 Quintilem
560 3308 610 3365 vel
633 3310 734 3384 ipsum
759 3309 902 3367 Sextilem
925 3343 970 3352 -
992 3309 1021 3366 id
1046 3311 1128 3384 quod
1144 3310 1278 3368 Koerner
1301 3315 1331 3369 et

150 3413 312 3470 Rausehen
343 3413 508 3471 voluerunt
542 3448 586 3456 -
620 3415 784 3472 transferre
820 3416 940 3472 minime
970 3415 1057 3483 licet,
1092 3417 1165 3492 quia
1196 3419 1330 3477 extremo

148 3519 275 3589 Quintili
303 3521 443 3593 proxima
474 3519 607 3595 epistula
630 3520 682 3578 VH
698 3524 736 3590 7..
770 3526 806 3578 ut
833 3523 943 3596 postea
965 3522 1149 3593 videbimus,
1176 3524 1250 3582 data
1274 3528 1329 3584 est.

150 3626 257 3701 ltaque
281 3643 379 3684 errare
403 3643 465 3684 non
487 3628 640 3697 videmur,
668 3629 695 3686 si
718 3647 785 3686 eam
810 3631 944 3686 extrema
967 3647 1070 3687 mense
1093 3630 1178 3688 lunio
1203 3632 1329 3690 missam

150 3751 218 3791 esse
251 3750 418 3792 censemus.
465 3735 540 3792 Tum
571 3737 680 3794 verba:
711 3733 774 3810 Epo
803 3738 911 3794 ambas
933 3735 1123 3796 Britannicas
1150 3736 1259 3796 litteras
1282 3756 1329 3796 me·

147 3843 240 3913 specto
265 3840 367 3898 Cicero
391 3840 456 3899 iure
479 3843 611 3918 scripsit.

492 4016 532 4098 C.
561 4018 618 4099 De
647 4017 831 4116 epistula
858 4018 985 4101 V117.

237 4162 427 4237 Inquiramus
443 4179 533 4231 nunc,
559 4164 682 4238 quando
706 4163 840 4240 epistula
855 4164 909 4222 Vll
926 4166 954 4224 7.
979 4183 999 4223 a
1015 4165 1156 4224 Cicerone
1180 4165 1255 4223 data
1278 4167 1327 4226 sit.

148 4265 236 4336 Quod
259 4271 293 4325 ut
316 4268 523 4339 diiudicemus,
550 4270 671 4329 duobus
695 4271 760 4328 eius
784 4271 860 4329 locis
882 4275 961 4331 utor.
1000 4273 1083 4330 Alter
1099 4275 1147 4331 est
1162 4273 1226 4331 hic:
1250 4271 1328 4332 nina
