2970 4822
626 332 844 389 ..28-

150 530 255 579 causa,
281 511 387 569 deinde
402 511 516 578 Vatini,
533 514 598 568 tum
616 510 722 567 Scauri
737 510 843 567 futura
858 508 893 585 (c.
911 508 950 585 3).
982 509 1097 579 Quodsi
1114 508 1164 566 Cu.
1181 507 1328 566 Plancius

151 637 276 677 causam
300 619 430 676 dixisset
457 621 528 692 post
552 617 708 674 Vatinium
741 619 772 674 et
802 620 874 674 ante
905 616 1061 684 Scaurum,
1094 614 1147 673 vix
1178 632 1247 672 eum
1279 615 1329 672 hic

150 725 412 802 praetermisisset,
442 725 619 799 praesertim
643 742 709 782 cum
734 723 879 799 proximis
904 723 1011 780 dicbus
1034 722 1221 796 gravissima
1243 721 1327 779 illius

151 851 247 891 causa
271 835 374 890 lutura
397 832 494 890 luerit
533 831 650 888 Dixerit
666 831 819 906 quispiam
836 830 1006 888 Ciceronem
1026 830 1057 886 in
1074 829 1177 899 Quinti
1192 828 1329 904 epistula

149 941 307 998 Vatinium
331 956 516 997 memorasse
539 938 617 994 inter
639 937 771 995 Drusum
801 940 831 994 et
855 937 1010 1004 Scaurum,
1043 936 1074 992 in
1097 935 1192 993 Attici
1224 937 1328 993 autem

149 1047 391 1123 praetermisisse
415 1047 545 1104 omnino.
602 1046 644 1103 At
666 1047 692 1103 si
715 1047 746 1103 in
771 1045 872 1115 Quinti
903 1043 1036 1119 epistula
1064 1043 1237 1116 diligentior
1258 1043 1326 1110 luit,

149 1154 256 1211 maiori
280 1153 471 1210 admirationi
495 1156 551 1220 est,
578 1153 658 1227 quod
682 1152 788 1210 Planci
812 1169 938 1210 causam
962 1151 1073 1210 omisit.

239 1260 352 1317 Deinde
369 1277 422 1316 cur
437 1260 476 1316 ad
494 1259 627 1316 Atticum
651 1259 725 1317 nihil
748 1259 905 1334 scripserit
927 1259 963 1316 de
980 1259 1102 1316 Vatinio
1125 1257 1250 1316 facilius
1274 1275 1328 1314 ex·

150 1367 293 1442 plicatum
316 1367 449 1424 tortasse
473 1367 603 1441 putavit,
630 1384 697 1424 cum
722 1366 834 1431 Vatini,
859 1365 980 1441 pristini
1003 1365 1053 1423 sui
1075 1365 1197 1432 inimici,
1225 1365 1329 1423 defen·

151 1474 275 1540 sionem,
295 1490 385 1548 quam
403 1473 533 1530 Caesare
550 1476 673 1531 auctore
691 1470 908 1549 susceperat1),
926 1472 1048 1530 silentio
1064 1472 1325 1546 praetermitteret,

150 1580 295 1655 pudorem
319 1599 409 1638 suum
434 1580 577 1638 minorem
601 1597 670 1638 esse
694 1582 749 1637 aut
772 1580 849 1637 forte
874 1579 926 1636 illo
943 1579 1011 1637 loco
1036 1597 1102 1637 eam
1126 1597 1188 1637 rem
1212 1580 1328 1638 oblitus

149 1691 206 1744 est
246 1687 304 1744 Sed
321 1690 392 1745 utut
407 1690 462 1754 est,
481 1704 574 1760 grave
590 1705 651 1745 non
667 1689 722 1744 est.
763 1687 894 1744 Gravius
912 1688 1013 1743 autem
1031 1688 1086 1754 est,
1112 1686 1194 1761 quod
1219 1689 1327 1744 neutro

150 1794 217 1852 loco
249 1794 355 1850 Planci
386 1812 511 1852 causam
543 1796 696 1851 memorat.
743 1794 839 1863 Quam
870 1811 931 1851 rem
963 1793 1050 1851 aliter
1081 1793 1234 1868 explicare
1266 1811 1328 1852 non

149 1918 285 1974 possum,
318 1901 378 1957 nisi
408 1904 443 1956 ut
472 1899 547 1956 illud
570 1900 714 1957 iudicium
738 1899 789 1957 illo
813 1903 947 1976 tempore
972 1917 1032 1958 non
1056 1900 1152 1957 fuisse
1178 1917 1327 1958 censeam.

240 2006 347 2081 ltaque
372 2024 469 2064 errare
493 2023 554 2063 non
578 2007 690 2072 videor,
725 2007 752 2064 si
775 2009 880 2064 statuo
904 2007 1046 2064 iudicium
1069 2006 1167 2064 luisse
1192 2010 1327 2065 extremo

150 2130 252 2170 mense
268 2113 386 2171 Martio.
426 2113 554 2189 Scripsit
570 2114 648 2170 enim
665 2113 766 2171 Cicero
784 2114 822 2171 ad
838 2114 961 2171 fratrem
979 2133 1006 2172 a.
1020 2115 1046 2170 d.
1059 2113 1133 2172 XVI.
1146 2113 1213 2171 Kal.
1226 2113 1326 2172 Mart:

151 2219 348 2278 Comitialibae
378 2219 486 2293 dicbus,
516 2219 565 2296 qui
596 2218 761 2296 Quirinalia
790 2223 950 2295 sequantur,
980 2219 1092 2293 Appius
1121 2220 1329 2293 interpretatur

149 2345 206 2384 aea
222 2325 358 2399 impediri
372 2344 400 2385 sc
415 2327 471 2402 lege
486 2326 592 2401 Pupio,
615 2344 668 2402 que
683 2326 777 2386 miace
791 2327 890 2385 lrabeat
904 2331 1039 2398 mactum,
1062 2330 1096 2399 ct,
1111 2326 1185 2402 qaod
1202 2325 1328 2386 Gabinia

150 2437 277 2491 suacium
299 2433 345 2505 eit,
368 2434 454 2491 eliam
477 2434 538 2508 copi
560 2452 596 2492 mc
618 2433 685 2492 Kal.
702 2434 784 2492 Febr.
816 2452 899 2510 aeque
924 2434 970 2492 cd.
994 2433 1062 2494 Kal.
1078 2434 1206 2493 Martiae
1229 2433 1328 2509 legatis

150 2544 275 2599 sarciam
298 2540 399 2599 cotidie
422 2541 498 2598 dare.
537 2540 586 2599 Ito
602 2544 746 2614 potantur
776 2541 889 2600 detrudi
919 2540 1034 2599 comitio
1057 2541 1089 2599 ia
1108 2559 1229 2600 meacm
1244 2540 1327 2598 Mar-

150 2647 221 2705 tiam
246 2647 280 2724 (Il
300 2648 400 2725 lte).
448 2649 576 2718 Quaero,
608 2649 655 2706 hio
679 2667 758 2725 quae
783 2649 906 2706 comitia
929 2648 1105 2722 significata
1128 2649 1198 2716 sint,
1224 2652 1327 2707 utrum

150 2755 219 2812 aliis
244 2756 334 2812 rebus
359 2773 426 2813 cum
451 2755 564 2830 populo
589 2755 715 2829 agendis
739 2774 777 2813 an
795 2755 1026 2830 magistratibus
1044 2754 1193 2813 creandis.
1232 2755 1328 2830 Atqui

149 2862 219 2919 aliis
236 2862 434 2936 epistularum
450 2861 526 2919 locis
543 2862 727 2937 intellegitur
743 2862 923 2930 Ciceronem,
950 2863 977 2920 si
998 2863 1034 2919 de
1058 2861 1181 2921 comitiis
1204 2863 1329 2937 scripsit

150 2967 234 3025 nulla
250 2966 451 3043 explicatione
468 2969 582 3037 addita,
607 2968 782 3044 plerumque
799 2969 922 3026 comitia
937 2969 1168 3042 magistratibus
1186 2969 1327 3027 creandis

151 3074 330 3147 significare.
370 3075 447 3148 Ergo
471 3074 525 3131 illa
541 3092 663 3150 quoque
678 3077 772 3133 verba
788 3076 833 3134 sic
848 3076 1076 3151 interpretanda
1092 3076 1233 3134 videntur
1249 3093 1326 3134 esse.

149 3182 242 3257 Atqui
267 3181 419 3250 consules,
444 3184 609 3256 praetores,
634 3183 774 3240 tribunos
798 3183 895 3258 plebis
919 3201 1023 3241 mense
1039 3183 1204 3241 Februario
1219 3200 1327 3241 mune-

149 3289 233 3373 ribus
256 3289 379 3347 functos
403 3290 464 3346 iam
489 3307 557 3347 esse
580 3289 634 3346 illa
656 3290 725 3364 ipsa
749 3289 882 3365 epistula
905 3291 943 3346 ad
968 3290 1111 3360 Quintum
1135 3290 1210 3347 data
1231 3290 1257 3348 Il
1277 3289 1326 3348 ll.

148 3395 259 3453 indicio
284 3399 343 3464 est;
376 3413 446 3470 ergo
478 3396 563 3454 nulla
587 3396 649 3454 alia
672 3397 796 3454 comitia
818 3397 878 3454 nisi
902 3397 1048 3462 aedilicia¹
1065 3397 1207 3455 videntur
1230 3397 1327 3469 signi·

148 3502 244 3559 ficata
268 3520 344 3560 esse.
390 3502 494 3559 Mense
517 3503 680 3561 Novembri
703 3505 774 3561 anni
802 3504 967 3579 superioris
992 3504 1094 3561 Cicero
1126 3504 1163 3560 de
1194 3504 1327 3562 comitiis

149 3609 296 3666 habendis
330 3609 367 3666 ad
391 3610 527 3667 Atticum
551 3611 688 3685 scripsit:
725 3609 911 3669 (luititiorum
933 3610 1069 3669 conaelle
1091 3609 1188 3682 opinio
1212 3613 1252 3669 cst
1276 3610 1328 3688 (IV

153 3710 418 3796 13‚1)Drumann‚
441 3719 523 3791 quod
544 3717 580 3774 de
600 3717 732 3775 comitiis
751 3717 966 3775 consularibus
979 3717 1126 3791 cogitavit
1140 3716 1190 3794 (IV
1200 3736 1228 3793 p.
1239 3716 1324 3794 526),

149 3840 247 3880 errare
279 3824 415 3891 videtur,
456 3823 530 3897 quia
565 3823 708 3881 Crassum
740 3827 811 3881 ante
844 3824 1014 3882 discessum
1045 3842 1139 3882 suum
1167 3826 1328 3900 superiora

150 3930 273 3987 comitia
304 3929 444 3987 aedilicia
475 3929 535 3987 iam
566 3930 712 3988 habuisse
748 3931 885 3988 oratione
916 3931 1084 3989 Planciana
1115 3931 1326 4005 cognoscitur;

149 4053 228 4109 quae
253 4037 376 4094 comitia
399 4038 472 4111 post
495 4039 662 4095 ceterorum
686 4038 919 4112 magistratuum
943 4039 1048 4096 haberi
1071 4038 1220 4097 solebant.

222 4263 239 4332 ¹)
260 4263 364 4334 cange,
383 4263 421 4317 m
440 4280 465 4334 p.
479 4263 540 4318 349.
