2970 4822
660 340 864 398 ...8-

174 519 257 577 reddi
287 522 437 594 poterant.
489 518 547 576 Sed
578 537 650 576 num
680 537 787 577 revera
818 519 923 576 statim
954 517 1088 592 perlatae
1120 517 1190 585 sint,
1224 517 1347 575 omnino
1406 598 1409 603 ᾗ

174 627 321 683 incertum
355 627 415 689 est:
458 625 577 701 aliquot
615 626 680 684 dies
720 625 947 683 tabellariorum
987 625 1224 683 commoratione
1259 623 1349 681 facile

175 732 381 807 praetermissi
405 734 485 800 sunt,
510 732 556 791 ita
579 734 614 789 ut
637 732 729 808 paulo
754 736 824 790 ante
848 731 1003 790 Kalendas
1026 730 1125 788 Maias
1142 731 1257 788 Romae
1280 730 1349 787 red·

175 838 323 898 derentur.
373 839 495 897 Marcus
526 843 592 897 tum
621 839 682 897 iam
717 839 911 908 discesserat,
949 839 1092 915 quoniam
1123 838 1154 894 in
1184 837 1260 895 villa
1294 856 1348 895 eas

175 946 301 1021 accepit.
355 947 544 1022 Quapropter
583 946 676 1003 Marci
713 946 882 1004 discessum
924 948 1057 1004 extremo
1100 962 1203 1002 mense
1241 944 1347 1020 Aprili,

174 1052 266 1126 paulo
290 1056 361 1110 ante
385 1052 541 1110 Kalendas
560 1052 659 1110 Maias
682 1053 780 1110 fuisse
804 1053 967 1129 quominus
992 1069 1181 1120 censeamus,
1207 1069 1268 1109 non
1292 1051 1348 1108 im-

175 1158 322 1233 pedimur;
354 1177 449 1234 supra
480 1157 558 1236 (pag.
576 1157 606 1234 2)
631 1159 692 1216 iam
725 1159 763 1216 ad
795 1158 862 1216 Kal.
885 1159 954 1216 Mai.
986 1157 1069 1216 ducti
1100 1176 1216 1216 sumus
1263 1157 1349 1215 Certe

174 1264 244 1322 illae
275 1265 393 1323 litterae
417 1265 512 1341 primo
544 1283 647 1323 mense
671 1266 751 1323 Maio
776 1283 796 1323 a
818 1266 920 1323 Marco
945 1267 1089 1339 acceptae
1118 1268 1202 1334 sunt;
1235 1266 1349 1322 certum

176 1371 253 1429 diem
277 1371 434 1447 explorare
457 1388 519 1429 non
535 1389 711 1446 possumus,
738 1372 819 1448 quie,
846 1374 941 1448 quoto
959 1371 1007 1430 die
1024 1371 1174 1431 Ciceronis
1192 1371 1349 1430 domestici

148 1529 150 1535 ,
174 1477 367 1535 tabellarium
390 1478 509 1536 litteras
534 1479 573 1536 ad
589 1479 724 1536 Marcum
747 1480 893 1537 ferentem
916 1479 1094 1547 invenerint,
1119 1478 1193 1536 nihil
1217 1480 1349 1537 constat.

175 1584 230 1642 His
253 1585 347 1658 igitur
370 1585 509 1643 omnibus
535 1603 636 1643 morae
661 1586 731 1644 oriri
755 1587 905 1661 poterant.
952 1585 1054 1644 Cicero
1079 1585 1200 1661 quidem
1222 1585 1288 1661 ipse
1314 1586 1349 1643 de

175 1691 403 1750 tabellariorum
434 1693 547 1768 inopia,
581 1710 649 1750 curu
682 1711 697 1750 e
730 1693 865 1750 Cumano
897 1692 946 1751 vel
977 1693 1163 1768 Pompeiano
1195 1692 1347 1760 scriberet,

174 1799 262 1856 fratri
285 1817 318 1856 se
342 1799 514 1858 excusavit:
538 1799 601 1874 Epo
625 1817 688 1857 cum
710 1798 966 1872 Romanam,
994 1798 1103 1858 callum
1120 1799 1351 1872 praetermittam

175 1903 307 1964 Caesaris
342 1905 525 1978 mbedcrium,
561 1905 608 1963 cm'
637 1905 746 1964 litterae
776 1906 814 1964 cd
844 1910 870 1964 te
898 1923 955 1964 coc
985 1906 1054 1964 dem.
1100 1887 1159 1964 His
1189 1905 1283 1964 dietim
1305 1939 1351 1948 -

174 2010 303 2086 ipocscos
332 2045 377 2055 -
408 2011 454 2070 cm'
483 2011 589 2083 durem,
619 2012 680 2085 fait
706 2029 785 2070 mmo
816 2016 881 2070 acte
909 2013 984 2071 Imm
1012 2012 1055 2069 M.
1081 2011 1201 2085 Orfiam,
1232 2012 1351 2086 equitem

175 2116 339 2178 Roommum
363 2117 399 2195 (II
417 2119 467 2187 12,
482 2113 523 2199 3).
569 2119 676 2194 ltaque
695 2120 841 2177 incertum
865 2122 922 2187 est,
952 2120 1075 2194 quando
1099 2120 1137 2178 M.
1162 2121 1242 2178 Oriio
1267 2120 1350 2177 illam

175 2225 339 2299 epistulam
363 2224 456 2284 1112.
481 2225 608 2289 dederit:
639 2244 737 2302 neque
762 2244 828 2284 eam
853 2228 986 2284 extremo
1015 2244 1117 2284 meuse
1139 2227 1220 2284 Maio
1245 2227 1350 2285 datam

176 2349 255 2398 esse,
280 2334 316 2389 ut
339 2332 502 2414 Rauschen
526 2333 649 2407 putavit
672 2332 710 2410 (p.
728 2332 790 2410 53),
815 2333 886 2391 iude
909 2333 1067 2402 concludo,
1100 2333 1181 2409 quod
1204 2333 1242 2390 M.
1267 2334 1350 2391 Orfio

176 2439 216 2495 ad
248 2438 408 2496 Caesarem
431 2438 637 2514 proficiscenti
665 2457 732 2498 eam
763 2440 853 2500 dedit.
900 2439 959 2497 Vix
990 2440 1069 2497 enim
1104 2441 1235 2498 creditur
1264 2440 1351 2499 illum

178 2545 319 2620 equitem,
346 2563 413 2603 cum
429 2549 512 2604 esset
526 2546 668 2604 tribunus
684 2546 814 2604 militum
829 2547 861 2604 in
878 2546 1019 2605 Caesaris
1043 2548 1176 2605 exercitu
1192 2545 1228 2624 (ll
1247 2546 1296 2615 12,
1308 2547 1349 2625 3),

176 2652 289 2710 mensis
312 2652 374 2710 lere
398 2653 498 2728 spatio
522 2656 595 2728 post
618 2653 762 2723 Quintum
786 2672 823 2712 ex
846 2653 936 2712 Italia
958 2654 1098 2712 inferiore
1122 2655 1161 2712 ad
1186 2655 1350 2713 exercitum

176 2757 330 2832 Belgicum
361 2760 528 2834 profectum
559 2778 636 2828 esse,
669 2760 759 2819 immo
783 2761 879 2836 primo
910 2778 1014 2819 mense
1036 2760 1117 2819 Maio
1147 2778 1215 2817 eum
1246 2761 1351 2820 abisse

176 2866 288 2923 rectius
312 2866 480 2940 opinamur.

266 2972 384 3039 Restat,
409 2974 445 3028 ut
468 2972 575 3047 paucis
598 2972 788 3047 investigem,
820 2975 922 3031 utrum
954 2974 1105 3049 epistulae
1129 2974 1240 3051 plures,
1270 2993 1350 3050 quas

177 3077 311 3152 perlatas
335 3096 396 3136 non
420 3096 489 3136 esse
504 3078 625 3137 Marcus
647 3079 734 3136 fratri
757 3080 880 3137 nuntiat
904 3079 941 3158 (II
960 3080 1008 3149 12,
1024 3079 1061 3157 1),
1087 3081 1164 3139 inter
1187 3081 1350 3156 epistulam

177 3183 208 3240 in
238 3183 307 3260 ipso
331 3184 471 3243 discessu
495 3203 515 3243 a
537 3185 638 3243 Marco
672 3190 828 3261 acceptam
863 3189 894 3244 et
928 3188 1056 3245 alteram
1086 3188 1221 3246 Arimino
1245 3189 1351 3246 datam

177 3291 375 3361 interfuerint,
401 3311 442 3350 an
465 3293 544 3350 duae
567 3291 639 3350 illae
655 3293 809 3368 proximae
833 3293 911 3351 inter
933 3312 967 3352 se
991 3295 1123 3369 scriptae
1147 3295 1216 3364 sint,
1247 3296 1292 3353 ita
1314 3298 1351 3353 ut

178 3397 279 3472 plures
302 3399 372 3457 illas
396 3399 511 3473 priores
534 3399 632 3458 fuisse
657 3417 888 3474 cognoscamus.
923 3401 1006 3472 Quae
1031 3418 1217 3477 quamquam
1241 3402 1351 3459 diiudi-

177 3503 239 3565 cari
261 3522 323 3562 non
347 3508 487 3580 possunt,
519 3508 621 3564 tamen
651 3506 709 3564 has
733 3507 849 3583 priores
880 3526 949 3566 esse
972 3509 1133 3583 propterea
1164 3508 1348 3577 crediderim,

176 3611 257 3686 quod
283 3611 310 3668 si
334 3611 460 3670 alteram
492 3613 674 3670 sententiam
698 3615 871 3688 probamus,
900 3614 995 3672 Marci
1018 3614 1115 3672 Roma
1138 3615 1295 3674 discessus
1318 3616 1350 3673 in

179 3717 264 3792 prius
287 3720 408 3794 tempus
432 3719 521 3778 nobis
544 3720 712 3778 reiciendus
737 3724 793 3781 est.

218 3965 260 4045 B.
288 3966 346 4046 De
374 3967 587 4064 capitibus
615 3987 723 4066 quae
751 3972 850 4049 sunt
878 3967 949 4061 Qu.
964 3969 1017 4050 fr.
1033 3970 1129 4066 1111,
1157 3971 1322 4053 17—20.

267 4129 423 4204 Epistulae
440 4147 519 4205 quae
535 4134 583 4188 est
598 4131 652 4202 Qu.
667 4131 702 4193 fr.
719 4131 794 4192 llll.
810 4133 911 4191 verbis
920 4113 933 4192 τ’
951 4115 1023 4210 Oam
1033 4133 1106 4192 lmmc
1116 4133 1177 4192 tom
1199 4133 1350 4210 epistolam

178 4234 388 4310 complicarem,
411 4235 553 4294 tabellm‘
574 4255 593 4295 o
617 4237 693 4296 vobis
714 4244 849 4298 emeram
870 4259 897 4298 a.
913 4239 940 4300 d.
956 4238 1013 4298 XI.
1037 4239 1106 4299 Kal.
1122 4238 1196 4317 Sept.
1219 4240 1350 4300 mcesimc
