2970 4822
675 1200 777 1280 Pars.
806 1201 827 1279 1.

339 1363 385 1460 16
418 1361 569 1483 epistulis
601 1361 646 1458 al
678 1360 836 1484 11111111
866 1361 1008 1459 latren
1042 1361 1143 1460 detis.

189 1611 237 1691 A.
264 1612 322 1691 De
351 1609 492 1703 Quinti
520 1609 733 1691 Ciceronis
760 1609 915 1690 itinere
944 1630 1055 1691 anno
1085 1633 1123 1691 a.
1153 1609 1244 1691 chr.
1273 1633 1313 1691 n.

353 1736 449 1816 LIV.
478 1734 649 1815 ineunte
678 1736 733 1816 ad
762 1733 989 1816 Gaesarem
1017 1734 1148 1816 facto.

252 1881 440 1957 Quamquam
474 1881 526 1956 qui
557 1881 593 1940 do
616 1881 654 1939 M.
678 1880 757 1938 Tulli
789 1880 941 1938 Ciceronis
973 1881 1113 1955 epistulis
1145 1883 1340 1940 commentati

162 1991 235 2046 sunt
267 1988 362 2046 multa
394 1988 430 2045 de
454 1988 558 2058 Quinti
590 1987 742 2045 Ciceronis
774 1987 881 2045 itinere
913 2005 992 2044 anno
1017 2006 1044 2046 a.
1069 1987 1134 2047 Chr.
1151 2005 1179 2046 n.
1203 1989 1275 2046 LIV.
1300 1990 1340 2046 ad

157 2095 322 2179 ¹Caesarem
352 2095 436 2153 iacto
461 2095 662 2168 protulerunt,
695 2097 731 2151 ut
754 2094 791 2150 de
815 2112 852 2151 ea
874 2112 906 2151 re
939 2094 1038 2151 denuo
1071 2095 1201 2152 scribere
1233 2114 1339 2170 super-

159 2219 326 2260 vacaneum
358 2220 427 2260 esse
457 2202 608 2270 videatur,
641 2201 819 2275 praesertim
851 2218 916 2258 cum
950 2196 1144 2281 Rauschen1)
1176 2201 1212 2259 de
1248 2203 1338 2260 certis

157 2293 250 2367 huius
263 2309 306 2366 rei
317 2309 542 2366 rationiouibus
555 2308 728 2366 statuendis
742 2309 862 2365 omnino
876 2308 1097 2382 desperandum
1110 2326 1179 2366 esse
1192 2309 1335 2378 docuerit,

158 2419 261 2473 tamen
284 2433 352 2472 cum
376 2418 519 2473 accurate
543 2414 731 2490 exploratam
748 2432 808 2471 non
825 2432 893 2472 esse
909 2432 970 2471 rem
987 2415 1141 2482 vidissem,
1168 2416 1204 2474 de
1220 2416 1337 2490 integro

161 2523 200 2579 ad
224 2540 290 2579 eam
314 2523 456 2579 accedere
487 2522 616 2579 institui.
669 2521 774 2597 Neque
806 2522 843 2579 de
875 2521 1024 2588 omnibus,
1058 2540 1137 2596 quae
1168 2522 1205 2580 de
1236 2523 1338 2592 Quinti

161 2627 268 2684 itinere
293 2628 390 2686 adhuc
415 2629 529 2702 scripta
560 2631 641 2697 sunt,
675 2628 767 2685 huius
798 2628 857 2685 loci
890 2630 937 2684 est
969 2628 1117 2685 disserere
1149 2629 1335 2702 singillatim,

164 2734 272 2792 sedin
296 2735 411 2792 medias
434 2753 484 2793 res
508 2737 543 2793 ut
565 2736 610 2792 ita
634 2735 731 2792 dicam
755 2735 938 2810 progrediar.

249 2843 293 2899 Ao
324 2841 421 2917 prima
451 2841 618 2900 difficultas
650 2845 699 2900 est
730 2843 766 2900 de
797 2844 948 2917 tempore,
986 2859 1046 2917 quo
1079 2842 1209 2911 Quintus
1240 2843 1338 2900 Roma

161 2948 346 3006 discesserit.
393 2949 437 3006 De
461 2967 523 3024 qua
546 2951 582 3006 ut
605 2949 773 3013 diiudicem,
800 2952 892 3006 antea
914 2950 1010 3008 verba
1034 2967 1053 3006 a
1075 2949 1177 3007 Marco
1202 2950 1241 3006 ad
1256 2950 1337 3007 Atti-

158 3072 225 3112 cum
250 3056 377 3130 scripta:
406 3054 549 3114 Vestorius
563 3058 658 3114 uester
672 3073 716 3113 ree
733 3073 789 3128 per
805 3055 913 3114 litteras
936 3055 1009 3127 fecit
1032 3056 1179 3114 certiorem
1202 3059 1227 3114 16
1242 3055 1338 3115 Rome

156 3148 183 3219 6.
204 3161 230 3220 d.
259 3160 308 3219 VI.
331 3160 377 3220 Id.
400 3161 499 3221 Maius
515 3158 556 3240 -1-
571 3165 678 3235 putare
694 3162 857 3235 profecturo
881 3179 936 3220 esse
959 3161 1083 3235 tardius,
1107 3181 1191 3236 quere
1214 3163 1338 3235 disceres,
1371 3157 1377 3169 '

156 3267 346 3342 quodminus
367 3268 511 3328 6616616666,
542 3269 659 3346 111114,
689 3267 716 3345 1)
740 3269 967 3344 interpretanda
990 3271 1070 3326 sunt.
1124 3270 1225 3345 Atque
1249 3269 1337 3326 dubi-

156 3375 244 3444 tatio,
275 3394 354 3451 quae
378 3377 426 3433 est
449 3378 485 3433 de
510 3377 647 3434 codicum
672 3376 823 3450 scriptura
840 3378 959 3448 petere,
991 3376 1039 3433 cui
1070 3376 1122 3433 alii
1153 3376 1214 3433 alio
1246 3376 1335 3433 modo

156 3478 384 3559 madebanturll
409 3483 449 3539 ad
472 3483 551 3540 hanc
576 3483 788 3558 quaestionem
812 3482 924 3539 nullius
950 3486 998 3540 est
1013 3483 1169 3551 momenti;
1194 3483 1337 3558 primum-

158 3605 215 3663 que
239 3607 277 3646 ex
299 3588 361 3646 illis
384 3589 485 3648 verbis
510 3589 723 3664 cognoscimus
747 3589 830 3647 haec.
879 3589 951 3646 Cum
973 3590 1094 3647 Atticus
1111 3608 1137 3647 a.
1155 3591 1182 3648 d.
1199 3590 1246 3648 Vl.
1263 3589 1335 3647 Idus

158 3693 258 3752 Maias
282 3695 381 3752 Roma
404 3696 648 3770 proficisceretur
670 3696 719 3753 vel
744 3696 898 3771 proiectus
931 3713 999 3754 esse
1024 3697 1181 3764 diceretur,
1213 3696 1335 3753 Marcus

156 3819 217 3859 non
239 3802 363 3870 Rornae,
390 3803 453 3871 sed,
484 3805 519 3860 ut
543 3803 676 3877 epistula
708 3821 786 3878 quae
819 3805 867 3860 est
890 3803 943 3873 Qu.
967 3803 1002 3860 ir.
1026 3803 1113 3860 1112.
1139 3804 1269 3870 constat,
1303 3803 1335 3859 in

157 3907 291 3966 Cumano
325 3909 375 3966 vel
405 3910 591 3984 Pompeiano
624 3911 696 3967 erat.
721 3910 834 3966 Deinde
859 3910 979 3966 Atticus
1012 3909 1196 3985 quibusdam
1227 3909 1334 3967 diebus

246 4098 484 4169 ι111111161116116166
504 4099 657 4164 Tullianae,
678 4100 804 4165 Bonnae,
825 4099 996 4169 recepta

245 4189 264 4257 ²)
284 4187 321 4243 ci.
340 4188 370 4243 C.
388 4189 419 4243 F.
438 4188 483 4243 W.
503 4187 626 4252 Mueller,
647 4189 681 4243 M.
696 4188 769 4243 'lulli
790 4189 930 4244 Ciceronis
953 4189 1066 4259 scripta,
1087 4191 1158 4259 part.
1176 4189 1224 4244 111,
1243 4187 1298 4242 vol.
1319 4188 1332 4240 l

155 4275 251 4332 adnot.
272 4277 333 4332 crit.
351 4293 378 4348 p.
398 4277 532 4331 XXXVll.
