2970 4822
618 349 841 406 ..30-

148 530 225 606 ipsis
249 532 367 604 agatur.
419 529 457 586 Et
487 530 613 587 verbum
645 527 802 587 cocicieadi
831 527 862 583 iu
893 525 1034 584 Caesaris
1066 525 1102 583 de
1133 522 1212 582 bello
1245 522 1329 580 civili

149 637 233 695 libris
258 637 403 712 scriptum
427 636 581 694 videmus:
612 638 726 694 costroe
756 651 839 693 noces
870 633 941 692 dccc
963 631 1074 690 tardius
1098 647 1182 690 cursa
1204 629 1331 702 confecto

149 743 180 803 ic
195 746 303 803 noctem
319 742 456 802 coniectae
479 787 485 800 .
504 734 509 800 ζ
528 787 534 800 .
559 741 594 819 (11
610 743 661 811 28,
675 738 714 825 1).
752 741 916 815 Navigatio
932 739 1024 813 igitur
1036 741 1147 813 coepta
1160 738 1192 795 in
1208 738 1329 795 noctem

151 852 332 909 continuata
355 853 411 908 est.
458 850 630 925 Eademque
652 849 715 906 fere
739 848 893 906 sententia
916 847 947 903 in
971 846 1018 904 his
1041 845 1137 903 inest:
1175 842 1333 919 quodnisi

149 958 181 1016 ic
203 962 310 1017 noctem
328 956 472 1031 proelium
495 959 563 1014 esset
586 955 738 1014 coniectum
766 951 857 1032 (auct.
873 955 901 1012 b.
918 949 982 1012 Aa.
1001 951 1067 1031 52);
1099 951 1249 1026 proelium
1272 951 1331 1026 igi-

150 1065 254 1123 turin
277 1069 397 1122 noctem
421 1064 633 1121 continuatum
657 1065 712 1120 est.

241 1173 340 1246 Atque
372 1171 452 1227 hanc
484 1169 664 1227 sententiam
696 1170 727 1227 iu
758 1169 871 1226 verbis:
903 1171 929 1225 te
1055 1165 1085 1224 iu
1113 1164 1193 1224 ludos
1216 1181 1332 1223 meacm

153 1278 277 1338 conicere
306 1276 426 1336 coluisse
454 1277 557 1334 inesse
580 1280 665 1350 puto.
711 1277 802 1333 Verto
837 1276 896 1344 sic;
935 1274 987 1332 Dc
1015 1273 1111 1331 habeat
1138 1271 1190 1332 dea
1220 1267 1335 1341 Prozcss

152 1385 228 1444 uiolet
251 1385 294 1443 bis
316 1385 347 1442 ic
369 1383 414 1442 die
441 1383 516 1458 Tape
538 1383 588 1441 ier
610 1380 701 1456 Spica
724 1383 850 1440 toramen
881 1381 971 1440 loasea
1001 1379 1106 1439 woden.
1153 1379 1228 1438 Cum
1253 1379 1333 1436 enim

153 1492 256 1549 Planci
281 1509 377 1548 causa
401 1494 534 1548 extremo
559 1508 660 1548 mense
683 1490 793 1548 Martio
818 1492 889 1547 aute
912 1489 1004 1547 ludos
1021 1488 1212 1562 Megalenses
1238 1489 1330 1554 esset,

154 1602 316 1657 accusator
339 1617 372 1656 se
397 1597 473 1656 dixit
496 1615 621 1655 causam
644 1599 689 1655 ita
713 1597 820 1654 ducere
844 1596 990 1664 noluisse,
1015 1603 1051 1652 ut
1074 1594 1155 1651 ludis
1180 1596 1332 1668 ageretur,

153 1725 190 1764 ne
215 1706 318 1763 Cicero
341 1705 374 1763 de
397 1705 480 1764 tensis
503 1705 623 1762 diceret.
669 1705 812 1762 Plancius
837 1705 915 1762 euim
939 1702 1047 1760 aedilis
1072 1700 1186 1759 curulis
1210 1703 1334 1759 creatus

155 1816 220 1871 erat
244 1816 274 1869 et
298 1812 325 1869 ei
352 1830 419 1870 cum
451 1811 569 1884 collega
598 1811 660 1868 ludi
692 1811 880 1884 Megalenses
911 1809 1080 1886 apparendi
1111 1791 1204 1866 erant.
1260 1807 1334 1864 Eius

156 1922 258 1977 autem
281 1919 393 1976 iudicio
414 1918 554 1976 ludorum
571 1923 738 1992 apparatus
754 1918 785 1974 in
802 1918 925 1975 dubium
942 1918 1046 1976 vocari
1062 1916 1225 1973 videbatur
1240 1917 1333 1989 atque

157 2026 328 2084 Ci2eronem
353 2043 389 2081 ea
412 2041 442 2082 re
466 2025 600 2081 iudicum
621 2025 738 2083 animos
755 2029 906 2082 moturum
923 2042 991 2082 esse
1008 2024 1172 2081 accusator
1187 2022 1335 2097 opinatus

155 2132 257 2189 ltcum
280 2131 363 2188 illum
389 2148 576 2188 communem
599 2130 752 2189 illudendo
776 2133 956 2207 praeripuit;
989 2149 1051 2207 qua
1081 2148 1113 2187 re
1137 2129 1264 2196 monuit,
1296 2145 1334 2184 ue

158 2240 194 2297 de
217 2240 313 2297 tensis
338 2238 496 2311 magnifice
521 2239 641 2306 diceret,
667 2241 702 2296 ut
723 2240 755 2296 in
778 2239 847 2296 aliis
864 2239 1014 2296 aedilibus
1039 2241 1109 2296 ante
1132 2237 1267 2295 fecisset.
1299 2233 1332 2291 ln

157 2347 236 2405 ludis
261 2346 338 2402 enim
360 2345 595 2418 Megalensibus
628 2346 680 2420 qui
712 2348 802 2403 erant'
826 2363 845 2402 a
875 2345 970 2420 pridie
993 2346 1068 2403 Non.
1094 2344 1211 2420 Apriles
1236 2358 1334 2417 usque

158 2453 206 2513 ad.
230 2470 257 2509 a.
276 2453 302 2510 d.
318 2452 365 2509 IV.
389 2452 460 2510 Idus
483 2453 609 2527 Apriles
635 2470 778 2526 pompam
793 2453 891 2510 fuisse
908 2454 939 2511 et
953 2456 1042 2510 tensa
1062 2453 1080 2509 i.
1098 2470 1122 2510 e.
1139 2468 1229 2508 curru
1246 2465 1333 2507 sacro

158 2559 414 2635 MagnaeMatris
447 2559 643 2617 simulacrum
674 2562 793 2617 vectum
822 2578 891 2617 esse
916 2560 1041 2617 Ovidius
1065 2558 1155 2616 testis
1180 2560 1228 2615 est
1253 2554 1333 2632 (fast.

158 2667 207 2735 IV,
235 2663 349 2743 348)¹).

249 2774 308 2831 Sed
332 2774 406 2831 haee
437 2772 553 2830 leviora
576 2776 660 2842 sunt3
691 2774 817 2848 gravius
849 2777 904 2842 est,
940 2774 1021 2849 quod
1051 2773 1196 2830 iudicium
1227 2770 1335 2846 paucis

160 2881 266 2938 diebus
296 2883 366 2937 ante
390 2879 480 2937 ludos
510 2880 608 2938 fuisse
633 2877 797 2957 apparel).
844 2881 950 2955 ltaque
984 2880 1095 2955 optime
1127 2879 1230 2937 omnia
1262 2895 1331 2935 oon-

161 2987 262 3044 venire
285 2985 434 3052 videntur,
469 2987 495 3043 si
519 2986 623 3043 Planci
644 2987 797 3050 iudicium
821 2989 954 3044 extremo
979 3005 1080 3044 meuse
1104 2985 1214 3043 Martio
1236 2985 1334 3043 fuisse

161 3110 319 3151 censemus
344 3096 414 3150 aute
445 3092 534 3150 ludos
558 3092 756 3166 Megalenses.
802 3094 923 3151 Atenim
956 3094 1149 3160 dissentiunt,
1186 3110 1265 3168 quae
1296 3089 1332 3148 ad

162 3199 313 3257 Ciceronis
336 3201 442 3258 verba:
474 3198 572 3257 aalide
594 3199 720 3271 effundas
743 3203 861 3273 repente,
892 3204 924 3258 et
946 3203 1010 3259 oute
1033 3217 1189 3258 concessam
1211 3212 1335 3256 meorum

161 3306 287 3365 iudicum
311 3305 428 3378 videone
458 3324 543 3378 quom
567 3306 720 3378 potuerim,
751 3306 800 3380 qui
829 3310 915 3365 essent
944 3307 1048 3379 saturi,
1079 3304 1230 3379 auspicari,
1260 3299 1334 3376 opud

162 3430 257 3486 eosque
279 3431 322 3471 me
344 3412 520 3486 acaciique
548 3413 658 3486 quidem
684 3413 802 3487 reiectis,
833 3413 906 3487 qaod
936 3414 974 3472 ic
999 3413 1181 3486 pacatico
1214 3428 1275 3469 reo
1303 3407 1335 3466 de

163 3519 274 3578 consilii
291 3519 425 3578 scatentia
456 3509 634 3578 constitutum
660 3525 708 3594 est,
738 3538 820 3596 copas
850 3537 964 3580 musam
995 3521 1027 3579 de
1056 3519 1182 3601 fortunis
1213 3491 1340 3577 amalae

163 3623 272 3685 dicere?
296 3625 360 3704 (pro
384 3625 618 3702 Menelaeo)
643 3628 812 3686 scholiasta
834 3623 998 3688 Bobiensis
1020 3627 1195 3702 adscripsit:
1219 3624 1290 3684 Jam
1304 3621 1335 3680 ie

163 3731 307 3791 sodaliciis
338 3750 452 3791 caucam
474 3732 588 3792 diceret
611 3732 646 3792 P.
667 3734 796 3794 Vatinius
827 3735 919 3793 eodem
950 3735 1109 3807 defendente
1139 3733 1182 3791 M.
1205 3731 1334 3792 cicerae

165 3839 264 3914 (Orelli
282 3840 315 3907 V,
339 3857 366 3914 p.
385 3837 469 3915 262).
516 3842 615 3916 Atque
639 3842 696 3899 hoc
719 3842 893 3900 testimonio
917 3843 975 3900 viri
999 3843 1081 3900 docti
1105 3859 1173 3899 cum
1189 3836 1331 3900 orationis

164 3962 218 4021 pro
249 3946 373 4004 Plancio
404 3947 528 4004 habitae
559 3951 680 4022 tempus
711 3950 903 4018 statuebant,
936 3950 1065 4006 maxime
1097 3949 1156 4006 nisi
1189 3950 1275 4015 sunt,
1305 3941 1332 4000 id

201 4203 205 4210 ’
255 4190 275 4259 ¹)
294 4190 329 4245 cf.
350 4190 381 4246 G.
400 4190 548 4256 Wissowa,
568 4191 628 4245 Rel.
647 4209 674 4245 u.
694 4192 770 4246 Kult.
791 4192 816 4246 d.
835 4192 877 4257 R„
897 4191 1039 4246 Mdnchen
1059 4191 1136 4256 19c2,
1155 4207 1183 4261 p.
1196 4191 1258 4246 264.

254 4279 273 4349 'l
292 4279 453 4344 Rauschen,
473 4296 499 4350 p.
512 4279 603 4349 56157.
707 4327 709 4330 ,
1192 4289 1196 4297 ’
