2970 4822
632 392 853 449 ..45-

149 589 222 648 qaas
245 571 283 628 cd
306 569 454 628 Caesarem
476 572 527 627 cut
548 569 586 627 cd
601 568 725 627 Balbum
747 568 838 642 mitto,
863 568 987 644 lcpitioce
1010 572 1050 628 est
1064 569 1199 646 pecodum
1213 569 1334 629 accessio

151 675 403 735 commendationis
425 679 489 734 tuac
512 675 546 754 (o.
567 675 604 752 1).
650 677 780 746 Quintus
804 676 890 744 enim,
917 693 978 751 quo
1001 679 1136 751 tempore
1160 695 1197 734 ea
1219 677 1335 753 scripta

155 787 230 842 sunt
253 802 272 840 a
294 784 406 852 Marco,
431 784 566 841 nondum
588 783 711 840 videtur
729 782 827 841 Roma
850 783 1005 858 proiectus
1022 801 1100 852 esse,
1125 783 1198 858 quia
1212 782 1333 842 Marcus

152 892 247 948 etiam
263 891 365 948 fratris
382 889 674 948 commendationem
690 893 925 947 memoraturum
941 889 1039 947 fuisse
1055 890 1154 967 credo,
1174 892 1209 947 ut
1225 891 1335 965 postea

154 998 242 1056 decit:
265 997 390 1055 Multum
411 996 479 1055 teia
495 1013 525 1055 co
540 996 636 1068 frater
649 995 796 1055 adiuvabit
811 1013 899 1069 meas,
913 995 1031 1054 mattam
1046 995 1154 1056 Balbus
1170 995 1232 1074 (VII
1249 997 1278 1064 7,
1294 993 1334 1074 2).

153 1105 249 1180 Atqui
272 1105 415 1176 Quintum
446 1104 527 1161 circa
549 1103 620 1162 Idus
648 1103 767 1180 Apriles
790 1103 889 1161 Roma
920 1103 1102 1161 discessisse
1130 1102 1334 1160 conclusimus

152 1209 193 1288 ·(p.
211 1210 257 1290 7);
296 1229 366 1285 ergo
406 1228 473 1268 eam
504 1210 667 1284 epistulam
697 1210 791 1284 paulo
815 1211 887 1268 ante
911 1211 929 1269 i.
947 1228 971 1270 e.
993 1210 1089 1285 primo
1114 1227 1217 1267 meuse
1239 1208 1336 1284 Aprili

152 1318 260 1376 datam
292 1336 361 1376 esse
393 1317 530 1392 equidem
556 1333 673 1373 censeo.
721 1317 796 1374 Tum
819 1317 912 1389 igitur
935 1317 1096 1375 Trebatius
1120 1317 1182 1375 iam
1205 1316 1333 1384 abierat,

152 1425 186 1482 id
218 1424 301 1500 quod
333 1422 466 1498 epistula
499 1440 578 1497 quae
601 1424 649 1479 est
672 1423 726 1492 Qu.
750 1422 785 1479 fr.
808 1422 902 1482 1113.
931 1423 1144 1491 confirmatur,
1177 1441 1239 1499 qua
1267 1441 1335 1480 eum

157 1530 348 1605 aliquantum
387 1529 532 1604 temporis
571 1529 651 1604 apud
687 1529 846 1587 Gaesarem
879 1529 977 1587 fuisse
1012 1530 1222 1601 cognoscitur,
1267 1548 1335 1587 cum

152 1637 285 1707 ¹Quintus
314 1637 438 1700 veniret,
482 1636 551 1694 Non
582 1637 672 1694 credo
700 1636 874 1694 Trebatium
905 1636 1006 1695 solum
1035 1635 1092 1692 iter
1121 1635 1248 1704 fecisse,
1282 1636 1336 1693 sed

156 1761 220 1800 una
236 1761 303 1800 cum
314 1743 421 1812 Balbo,
440 1743 493 1820 qui
509 1744 698 1802 adulescenti
714 1743 843 1801 maxime
858 1744 985 1802 lavabat
997 1741 1078 1820 (fam.
1095 1741 1237 1812 VI15,2;
1255 1744 1283 1811 7,
1298 1740 1335 1818 1).

247 1850 416 1908 Coniuncta
446 1853 494 1908 est
524 1868 593 1908 cum
622 1850 671 1908 his
703 1850 800 1908 altera
831 1851 867 1908 de
895 1849 1045 1926 epistulae
1067 1849 1122 1906 Vll
1138 1849 1166 1906 ὅ.
1190 1849 1335 1923 temporis

155 1957 274 2015 ratione
309 1957 458 2032 quaestio.
515 1957 605 2015 Patet
640 1957 719 2014 enim
753 1975 820 2015 eam
855 1955 1019 2032 epistulam
1054 1956 1336 2014 commendaticiam

158 2064 330 2122 Trebatium
355 2082 457 2122 secum
481 2068 622 2139 portasse
639 2064 678 2121 ad
694 2063 863 2123 Gaesarem.
902 2065 1001 2134 Quare
1016 2063 1087 2139 ipsa
1102 2081 1223 2140 quoque
1239 2063 1335 2137 primo

156 2189 261 2230 mense
285 2171 381 2246 Aprili
403 2171 524 2229 videtur
546 2171 661 2246 scripta
684 2189 761 2231 esse.

500 2450 544 2529 a.
570 2450 629 2529 ue
658 2448 842 2547 epistula
869 2448 941 2528 vu
959 2394 1023 2529 a(

247 2595 287 2652 Ut
309 2594 456 2670 temporis
485 2594 633 2652 rationem
661 2594 811 2669 epistulae
833 2593 888 2650 Vll
903 2593 932 2654 8.
956 2595 1127 2651 statuerent
1149 2593 1285 2652 Koerner
1307 2597 1337 2652 et

157 2702 321 2760 Rausohen
343 2700 462 2759 verbis:
486 2701 549 2776 Epo
571 2704 680 2759 vostras
695 2699 884 2759 Britannicas
906 2699 1016 2758 litteras
1038 2703 1165 2774 exspecto
1181 2698 1215 2777 (c.
1233 2698 1262 2776 2)
1286 2701 1337 2759 usi

157 2811 240 2868 sunt.
280 2809 540 2884 (temperaverunt
562 2807 640 2865 enim
663 2826 708 2876 ea,
735 2825 814 2883 quae
830 2808 950 2865 Marcus
975 2808 1103 2864 exeunte
1124 2824 1226 2864 mense
1242 2807 1336 2877 Quin·

154 2916 204 2973 tili
227 2915 266 2973 ad
289 2915 423 2973 Atticum
447 2915 585 2992 scripsit:
608 2913 660 2972 Ea
683 2912 784 2990 Quinti
804 2913 910 2985 fratris
933 2912 1036 2972 litteris
1054 2913 1183 2987 suspicor
1196 2913 1260 2974 iam
1275 2931 1338 2972 cam

153 3040 213 3082 csse
231 3022 263 3081 in
278 3021 445 3082 Britannia.
483 3019 620 3098 Suspenso
635 3022 731 3081 ocimo
746 3025 884 3098 amsperto,
894 3020 962 3098 qaid
972 3024 1041 3096 apat
1052 3018 1101 3098 (lV
1120 3021 1169 3090 15,
1183 3019 1243 3099 10).
1269 3020 1334 3089 His,

155 3148 237 3206 quae
260 3130 401 3187 videntur
424 3129 536 3188 similia
559 3148 636 3194 esse,
663 3129 814 3187 conclusit
834 3128 968 3187 Koerner
983 3126 1021 3205 (p.
1037 3127 1091 3204 42)
1116 3128 1237 3186 Trebati
1252 3127 1336 3185 illam

158 3236 322 3311 epistulam
351 3237 479 3294 exeunte
509 3254 612 3294 mense
637 3236 778 3306 Quintili,
810 3235 975 3293 Rauschen
1004 3251 1076 3292 vero
1108 3235 1204 3309 primo
1229 3233 1337 3294 Sextili

157 3342 264 3398 datam
288 3358 356 3398 esse
380 3339 418 3417 tp.
436 3339 497 3418 56).
535 3341 620 3398 Hanc
637 3344 739 3398 autem
755 3341 1048 3415 argumentationem
1063 3340 1252 3398 levissimam
1268 3358 1337 3398 esse

156 3445 248 3504 facile
274 3447 464 3520 intellegitur.
517 3446 578 3504 Res
602 3447 680 3506 enim
711 3447 751 3504 ad
776 3446 888 3505 bellum
915 3446 1121 3505 Britannicum
1151 3447 1336 3523 pertinentes

159 3554 190 3611 iu
215 3553 356 3611 omnibns
378 3553 440 3612 iere
464 3553 618 3629 epistulis,
644 3572 723 3629 quae
746 3553 868 3611 Marcus
891 3556 963 3629 post
985 3570 1013 3612 a.
1037 3554 1064 3614 d.
1089 3553 1136 3613 III.
1157 3554 1240 3612 Non.¹
1259 3554 1333 3624 Iun,

160 3678 221 3736 quc
244 3660 349 3718 fratris
373 3661 455 3736 apud
472 3661 632 3719 Caesarem
655 3661 819 3719 adveutum
840 3660 992 3735 cognovit,
1018 3663 1048 3718 et
1064 3660 1182 3735 accepit
1197 3663 1228 3718 et
1244 3661 1335 3729 dedit,

158 3767 289 3825 infuisse
319 3767 383 3825 veri
411 3767 507 3825 simile
536 3769 591 3826 est.
636 3767 742 3842 Itaque
765 3767 886 3825 Marcus
910 3769 941 3824 et
962 3784 1062 3824 rerum
1085 3769 1116 3824 et
1138 3765 1336 3842 epistularum

158 3873 400 3932 Britannicarum
424 3873 652 3950 exspectatione
676 3892 729 3950 per
751 3876 836 3932 totos
860 3891 980 3931 menses
1004 3876 1035 3931 et
1055 3873 1173 3931 lunium
1197 3875 1228 3931 et
1243 3873 1337 3942 Quin-

156 3982 243 4039 tilem
273 3983 305 4039 et
336 3980 495 4050 Sextilem,
533 3981 604 4038 dum
642 3981 756 4057 primae
788 3998 826 4038 ex
857 3980 911 4038 illa
939 3979 1060 4055 regione
1090 3978 1226 4056 perlatae
1264 3981 1338 4037 sunt

158 4087 279 4147 litterae
302 4106 329 4147 a
346 4089 374 4146 d.
389 4087 438 4146 ΧΙ.
460 4087 526 4146 Kal.
550 4087 641 4163 Sept,
668 4090 837 4163 occupatus
860 4087 957 4146 fuisse
980 4086 1116 4156 videtur:
1139 4086 1234 4162 primo
1258 4085 1337 4145 enim

161 4211 263 4253 mense
286 4195 381 4272 Aprili
410 4196 472 4253 iam
499 4195 530 4253 iu
553 4191 675 4252 'lbebati
699 4193 833 4270 epistula
854 4194 910 4253 Vll
926 4194 955 4254 6.
979 4193 1129 4252 derebus
1153 4192 1336 4253 Britannicis

160 4299 282 4360 iocatus
313 4305 362 4362 est
389 4300 424 4379 (c.
441 4301 481 4381 2).
525 4300 611 4361 Unde
641 4302 751 4362 verba:
781 4300 845 4377 Epo
874 4303 982 4361 castres
1011 4299 1200 4360 Britannicas
1229 4294 1338 4358 litteras

1122 4401 1156 4454 4*
