2970 4822
635 349 858 407 -19-

154 528 297 582 constare
321 528 395 600 puto
419 526 606 595 tabellarios,
633 528 685 602 qui
702 545 729 583 a.
746 528 772 584 d.
789 526 837 585 XI.
854 527 921 586 Kal.
934 528 1014 602 Sept
1031 528 1157 586 Romam
1174 532 1329 597 venerunt,
1361 605 1363 609 .

153 632 256 690 Juliae
281 634 418 690 mortuae
443 650 539 690 causa
563 652 582 690 a
606 633 734 692 Caesare
758 635 871 692 missos
897 652 972 692 esse.
1020 635 1102 705 Quae
1131 635 1158 692 si
1181 636 1226 693 ita
1249 638 1329 705 sunt,

154 740 274 806 Cicero,
322 757 390 796 cum
429 740 562 798 dolorem
602 758 692 798 suum
724 741 759 797 de
792 740 931 798 Caesaris
964 759 1038 799 casu
1069 742 1156 799 fratri
1187 744 1333 817 patefecit

155 844 329 922 (1111‚17)‚
363 846 398 903 de
430 846 514 904 dulia
542 850 663 905 mortua
695 847 851 920 cogitavit.
898 848 986 905 Patet
1017 848 1109 921 igitur
1136 849 1331 907 Plutarchum

64 975 67 978 ·
149 951 307 1011 'erravisse
342 953 525 1028 falsumque,
566 972 626 1029 quo
663 954 776 1011 Caesar
814 957 941 1012 mortem
976 956 1160 1030 cognoverit,
1199 959 1328 1030 tempus,

154 1061 317 1118 memoriae
352 1060 531 1134 prodidisse.
585 1061 690 1135 Neque
722 1061 787 1119 eius
819 1062 1028 1119 testimonium
1059 1080 1112 1137 pro
1144 1063 1330 1135 argumentis

154 1185 250 1243 supra
272 1167 376 1225 allatis
400 1185 492 1241 grave
517 1170 573 1246 est,
599 1169 777 1243 praesertim
805 1187 873 1226 cum
906 1188 943 1226 ea
975 1187 1096 1244 quoque
1127 1187 1157 1226 re
1186 1170 1330 1244 deceptus

154 1293 223 1332 esse
261 1275 411 1342 videatur,
453 1275 533 1349 quod
573 1274 673 1332 duliae
712 1278 832 1350 partum
869 1276 1046 1332 femininum
1081 1276 1177 1333 fuisse
1208 1276 1332 1351 putavit

155 1379 270 1458 (Pomp.
288 1379 350 1458 53),
384 1399 450 1438 cum
483 1399 588 1439 omnes
621 1382 784 1455 scriptores
812 1383 942 1440 Romani
974 1383 1010 1439 de
1041 1383 1209 1441 masculino
1234 1383 1328 1457 scrip-

153 1489 249 1548 serint
257 1486 287 1566 ¹).

244 1596 332 1653 Nunc
356 1613 437 1663 vero,
464 1595 587 1669 quando
605 1595 718 1653 Caesar
741 1596 880 1653 nuntium
903 1595 986 1652 filiae
1010 1599 1147 1653 mortuae
1171 1597 1328 1669 acceperit,

153 1704 338 1778 quandoque
369 1702 454 1759 dulia
488 1721 503 1759 e
539 1703 604 1759 vita
640 1703 821 1769 discesserit,
856 1702 945 1760 facile
977 1702 1131 1760 statuitur.
1184 1702 1330 1759 Nuntium

154 1811 235 1866 enim
258 1810 376 1884 accepit
398 1809 474 1884 ipsis
491 1809 637 1866 Kalendis
655 1808 831 1876 Sextilibus
856 1809 886 1866 id
911 1809 992 1883 quod
1016 1810 1116 1867 verbis
1138 1808 1271 1867 vioenmo
1286 1808 1331 1866 die

155 1919 255 1991 patet;
279 1917 358 1974 unde
383 1917 409 1974 si
433 1918 553 1990 tempus
577 1916 675 1973 nuntii
699 1916 866 1991 perferendi
883 1917 1071 1984 deduximus,
1098 1916 1211 1973 duliam
1234 1916 1329 1990 primo

155 2003 259 2081 mense
275 2023 409 2094 Quintili,
437 2023 516 2081 circa
534 2022 650 2099 Nonas,
675 2027 825 2081 mortuam
850 2041 917 2080 esse
941 2023 1154 2097 intellegimus;
1179 2041 1276 2098 neque
1299 2023 1330 2079 id

152 2133 276 2205 tempus
301 2131 455 2206 discrepat
478 2148 546 2187 cum
569 2131 617 2197 iis,
652 2148 729 2204 quae
753 2130 936 2188 Plutarchus
968 2131 1091 2205 scripsit
1114 2130 1226 2186 duliam
1250 2147 1330 2187 anno

152 2238 311 2312 superiore
335 2238 394 2297 LV.
427 2239 567 2295 abortum
598 2237 709 2295 fecisse
734 2236 847 2312 (Pomp.
865 2235 927 2313 53).
975 2237 1105 2295 Comitia
1136 2237 1213 2294 enim
1245 2236 1329 2293 aedi-

153 2344 233 2411 licia,
260 2344 296 2401 de
321 2345 432 2419 quibus
456 2345 514 2402 hoc
538 2344 606 2402 loco
631 2344 712 2410 dicit,
738 2344 822 2400 lacta
845 2344 986 2400 videntur
1010 2361 1078 2401 esse
1103 2345 1173 2401 ante
1197 2360 1329 2401 mensem

153 2451 277 2519 Maium,
303 2452 452 2525 siquidem
477 2452 505 2509 C.
529 2451 670 2518 Messius,
705 2451 771 2508 eius
795 2451 867 2507 anni
891 2447 1039 2525 aedilis2),
1072 2451 1162 2507 ludos
1193 2449 1328 2507 Florales

152 2557 204 2636 (ab
229 2577 256 2616 a.
280 2559 307 2616 d.
324 2558 373 2615 IV.
389 2558 456 2616 Kal.
473 2559 542 2615 Mai.
567 2576 665 2632 usque
690 2558 727 2614 ad
745 2557 779 2617 V.
796 2555 883 2633 Non.)
909 2553 1108 2632 apparavit3).
1143 2556 1214 2612 Inde
1231 2573 1329 2630 usque

152 2665 194 2722 ad
218 2665 345 2723 alterum
370 2665 441 2723 anni
464 2664 537 2724 LIV.
561 2668 682 2739 partum
707 2665 840 2739 spatium
864 2663 934 2738 plus
957 2663 1017 2719 fuit
1040 2663 1130 2720 unius
1155 2662 1234 2719 anni.

242 2773 360 2840 Restat,
393 2775 429 2829 ut
466 2790 626 2846 exponam,
662 2789 724 2846 qua
754 2770 888 2846 epistula
918 2770 1038 2827 Marcus
1073 2769 1186 2826 Juliam
1218 2787 1233 2826 e
1263 2769 1330 2827 vita

151 2879 337 2937 discessisse
367 2879 454 2936 fratri
485 2879 645 2936 nuntiasse
677 2878 825 2935 videatur.
872 2878 972 2951 Atque
1003 2857 1116 2934 duliam
1148 2876 1227 2934 circa
1252 2875 1328 2934 Non.

152 2985 254 3055 Quint.
278 2988 429 3044 mortuam
453 3003 521 3043 esse
539 2985 750 3058 cognovimus3
776 3002 845 3058 ergo
870 2984 953 3041 illam
970 2984 1133 3058 epistulam
1149 2983 1241 3059 paulo
1258 2986 1330 3057 post

152 3098 192 3160 et,
219 3096 383 3168 antequam
408 3111 487 3168 quae
511 3096 560 3150 est
582 3093 607 3149 ll
627 3093 675 3150 14.
699 3093 875 3159 mitteretur,
910 3092 1013 3149 datam
1045 3110 1113 3149 esse
1137 3091 1200 3148 veri
1232 3091 1329 3147 simile

156 3203 213 3258 est.
260 3201 342 3258 Haec
366 3201 445 3257 enim
469 3201 542 3275 post
564 3199 634 3257 Idus
660 3199 817 3269 Quintiles
852 3200 980 3255 exeunte
1003 3215 1106 3255 mense
1131 3196 1164 3272 (e.
1182 3194 1222 3272 4).
1256 3197 1331 3254 data

152 3308 211 3373 est,
237 3325 334 3383 neque
359 3308 395 3364 de
411 3307 496 3364 Julia
520 3306 685 3382 quidquam
710 3307 854 3379 scriptum
877 3305 977 3361 habet.
1026 3304 1202 3378 Superiores
1227 3305 1328 3360 autem

152 3413 255 3487 plures
279 3415 407 3489 periisse
432 3414 522 3471 etiam
546 3413 615 3470 aliis
633 3413 723 3470 rebus
741 3411 979 3469 concludendum
1004 3412 1052 3468 est
1075 3409 1121 3487 (cf.
1138 3429 1166 3485 p.
1183 3410 1240 3479 24;
1266 3408 1328 3486 48).

243 3520 357 3578 Deinde
389 3538 531 3595 quaerere
562 3521 640 3587 licet,
673 3537 745 3577 num
775 3519 853 3576 forte
885 3518 987 3592 capita
1011 3517 1259 3585 1111‚17.-20.
1292 3528 1353 3574 ex'

151 3627 288 3701 epistula
304 3628 436 3703 quadam
459 3627 576 3701 reliqua
600 3627 670 3694 sint,
696 3644 774 3701 quae
798 3625 889 3682 fuerit
912 3625 989 3681 inter
1012 3624 1161 3697 epistulas
1185 3624 1274 3681 1115.
1299 3626 1330 3680 et

150 3733 192 3791 ΙΙΙ
213 3733 243 3802 1;
287 3752 365 3809 quae
405 3735 559 3792 sententia
612 3750 796 3808 quamquam
838 3734 961 3807 propter
1007 3733 1187 3804 argumenta
1232 3729 1329 3786 allata

150 3840 191 3916 (p.
210 3840 330 3918 9-14)
361 3842 562 3916 improbanda
592 3843 648 3908 est,
681 3844 783 3896 tamen
815 3838 947 3896 concedo
976 3838 1055 3894 inter
1085 3837 1153 3894 illas
1179 3835 1327 3910 epistulas

172 3976 175 3982 Ι
243 4014 261 4084 ¹)
282 4015 403 4069 Velleius
415 4014 527 4068 Patere.
537 4013 562 4078 2,
573 4012 619 4079 473
640 4013 748 4066 Sueten
761 4011 808 4077 263
829 4011 934 4065 Lucan.
948 4010 973 4075 5,
984 4009 1052 4075 4743
1073 4008 1108 4064 ef.
1123 4009 1267 4063 Drumann
1280 4007 1327 4064 111.

151 4119 179 4175 p.
193 4103 255 4159 763.
274 4104 370 4158 adnot.
383 4102 409 4157 4.

241 4192 261 4261 ⁹)
280 4193 386 4262 Lange.
405 4192 488 4246 Rom.
506 4190 608 4246 Altert.
626 4191 674 4245 Ill.
693 4190 748 4244 vol.
770 4188 862 4244 18762.
882 4205 909 4259 p.
928 4187 991 4242 338.

242 4282 262 4352 ⁸)
280 4284 372 4337 Valer.
390 4280 597 4347 Max.1110‚83
618 4281 743 4334 Koerner
761 4296 788 4350 p.
802 4279 846 4333 28.
