2970 4822
628 342 851 401 „26-

153 537 245 594 quam
261 536 315 593 pro
331 519 455 577 Plancio
476 519 594 587 habuit,
619 521 666 577 bis
691 538 728 578 ea
743 520 851 577 habita
875 539 944 580 esse
966 555 1011 564 —
1034 523 1107 581 dicit
1130 521 1209 579 enim
1224 520 1330 579 Cicero

154 627 190 683 de
214 627 344 685 comitiis
373 626 520 684 aediliciis
551 626 745 700 superioribas
769 625 896 704 (20,49)
922 631 953 686 et
983 629 1078 688 altero
1109 628 1179 687 loco
1203 627 1329 705 (2254)

153 734 189 791 de
207 733 358 806 prioribus
372 767 424 802 -,
451 736 482 791 et
497 734 599 808 priora
615 735 733 809 quidem
752 735 883 792 Crassus
906 735 982 810 legis
1005 737 1041 794 de
1064 735 1223 794 sodaliciis
1246 735 1330 794 latae

153 844 260 899 auctor
274 841 341 915 ipse
356 841 465 898 habuit
480 840 542 918 (20,
554 839 615 917 49).
650 842 745 917 Atqui
761 841 891 900 Crassus
915 844 1013 901 medio
1037 861 1139 901 mense
1154 843 1327 911 Novembri,

152 949 232 1005 utin
249 949 436 1023 provinciam
452 948 517 1014 iret,
543 965 581 1004 ex
596 949 671 1005 urbe
688 943 904 1029 decesserat1);
930 967 999 1024 ergo
1024 950 1147 1007 comitia
1171 949 1331 1025 superiora

152 1058 223 1112 ante
246 1055 377 1112 medium
400 1072 531 1112 mensem
556 1053 756 1113 Nouembrem
779 1056 910 1114 luerunt.
1382 1027 1387 1038 ¹

240 1162 349 1236 Agitur
372 1179 462 1228 nunc,
488 1162 610 1235 quando
636 1161 733 1218 altera
754 1162 875 1219 fuerint.
915 1163 1057 1220 Oratione
1082 1163 1236 1221 Ciceronis
1260 1163 1331 1237 ipsa

151 1269 226 1326 nihil
250 1268 286 1325 de
317 1269 365 1325 his
391 1269 599 1342 comperimus.
645 1269 686 1325 At
710 1271 833 1326 constat
856 1269 904 1330 Cn.
928 1269 1031 1327 Planci
1054 1270 1199 1328 iudicium
1230 1270 1330 1328 fuisse

55 1373 59 1379 ’
153 1375 235 1450 apud
259 1375 288 1432 C.
313 1375 424 1432 Allium
448 1374 582 1442 Flavum,
621 1393 709 1451 quern
738 1375 839 1433 Cicero
863 1377 911 1433 bis
934 1376 965 1432 in
989 1378 1128 1435 oratione
1151 1377 1330 1452 adloquitur

153 1482 281 1560 (17,43;
306 1479 454 1557 42‚104)‚
480 1485 648 1556 praetorem
670 1483 741 1539 anni
756 1482 829 1540 LlV.
847 1482 911 1558 (Qu.
927 1483 961 1541 fr.
978 1483 1137 1560 1111,24);
1161 1484 1329 1541 actionem·

153 1608 211 1666 que
236 1607 348 1648 causae
365 1590 445 1647 circa
459 1589 526 1648 Kal.
544 1590 642 1659 Quint.
666 1590 727 1646 iam
751 1589 849 1647 fuisse
874 1607 968 1664 supra
985 1590 1022 1667 (p.
1040 1588 1092 1666 24)
1111 1590 1329 1649 conclusimus

150 1697 255 1771 Neque
278 1697 426 1754 habemus
450 1697 497 1754 his
522 1697 582 1753 nisi
604 1697 764 1754 terminum
788 1697 839 1770 qui
864 1698 994 1754 vocatur
1016 1699 1080 1755 oab
1101 1714 1190 1772 quem.

241 1804 339 1873 Quare
363 1805 399 1861 de
423 1803 527 1861 alteris
552 1804 682 1860 comitiis
699 1803 846 1860 aediliciis
865 1810 896 1860 et
911 1803 948 1860 de
963 1803 1068 1861 Planci
1083 1804 1195 1862 iudicio
1212 1803 1330 1862 multae

152 1911 290 1967 oriuntur
312 1910 529 1969 dubitationes,
564 1911 742 1980 Quaerimus
767 1910 853 1976 enim,
881 1910 1006 1967 comitia
1028 1910 1082 1967 illa
1105 1910 1203 1968 altera
1226 1913 1330 1968 utrum

152 2035 171 2073 a
193 2034 296 2074 mense
319 2015 482 2073 Novembri
506 2017 577 2073 anni
600 2017 657 2073 LV.
682 2033 780 2090 usque
804 2016 844 2072 ad
867 2016 997 2073 medium
1021 2017 1191 2090 proximum
1214 2018 1331 2075 reiecta

152 2124 222 2191 sint,
254 2124 300 2180 ita
329 2126 365 2180 ut
387 2123 530 2180 Plancius
554 2123 640 2181 Iunio
670 2123 733 2180 fere
763 2140 866 2180 mense
891 2123 1100 2197 postularetur
1131 2127 1162 2182 ot
1192 2127 1329 2182 extremo

152 2230 259 2288 Sextili
282 2231 502 2297 absolveretur,
528 2248 566 2286 an
583 2231 679 2304 primo
695 2247 776 2286 anno
791 2229 873 2298 mv,
900 2232 935 2287 ut
957 2248 1060 2287 mense
1076 2230 1195 2299 Martio,
1220 2231 1331 2288 habita

152 2339 214 2395 sint
237 2341 267 2395 et
289 2336 343 2394 illa
364 2337 470 2394 Planci
493 2355 592 2394 causa
621 2337 690 2394 inde
718 2354 816 2411 usque
840 2336 879 2393 ad
903 2339 1069 2393 extremum
1094 2354 1228 2395 mensem
1253 2337 1330 2396 Sex-

150 2445 234 2502 tilem
265 2444 361 2501 dilata
391 2444 439 2502 sit
485 2444 603 2501 Neutra
633 2444 786 2501 sententia
818 2443 985 2518 probabilis
1018 2446 1074 2501 est.
1120 2443 1217 2502 Priori
1249 2444 1329 2502 enim

150 2551 226 2609 haec
250 2554 451 2626 opponuntur.
496 2551 564 2609 Non
586 2550 780 2624 intellegitur,
807 2568 860 2606 cur
876 2550 994 2624 Appius
1011 2550 1157 2608 Claudius
1173 2550 1204 2608 L.
1221 2551 1328 2608 Domi-

150 2659 213 2717 tius
241 2659 462 2716 Ahenobarbus
495 2657 636 2715 consules
668 2657 792 2715 comitia
824 2656 963 2714 aedilicia
994 2674 1092 2732 usque
1124 2657 1163 2714 ad
1194 2657 1329 2715 medium

152 2784 263 2824 annum
294 2765 457 2832 reiecerint,
491 2782 558 2822 cum
589 2765 680 2822 ceteri
710 2764 911 2837 magistratus
943 2763 1107 2822 Februario
1139 2781 1242 2822 mense
1266 2765 1329 2823 iarn

150 2873 325 2930 muneribus
343 2873 408 2930 suis
423 2872 632 2944 fungerentur;
656 2889 753 2945 neque
777 2888 859 2938 vero,
886 2873 921 2927 ut
943 2888 1023 2927 anno
1044 2871 1208 2945 superiore,
1234 2870 1329 2928 inter-

151 2997 275 3054 regnum
305 2979 371 3046 fuit,
405 2981 436 3035 et
457 2978 553 3052 primo
584 2995 687 3035 mense
718 2977 804 3035 lunio
830 2977 932 3035 Cicero
964 2978 1002 3034 ad
1033 2978 1157 3035 fratrem
1189 2977 1329 3052 scripsit:

150 3085 209 3144 Res
231 3085 378 3144 Roomnoc
400 3085 442 3143 sic
463 3101 492 3142 sc
513 3083 624 3152 babeam
655 3087 717 3141 crat
738 3083 876 3142 aoaaolla
899 3101 961 3157 spes
992 3083 1181 3156 comitiorum,
1213 3083 1261 3142 sed
1282 3083 1329 3142 ia·

151 3198 235 3266 cata,
265 3197 327 3252 erat
355 3192 452 3268 aliqua
481 3190 604 3264 suspicio
627 3190 794 3263 dicaturus,
825 3209 859 3249 ne
885 3190 1049 3267 ecquidem
1080 3193 1157 3248 certo
1186 3208 1329 3249 sommum

151 3300 238 3360 oriam
260 3301 378 3374 forense,
407 3300 455 3359 scd
476 3297 639 3358 senescentis
660 3299 751 3374 magis
774 3297 900 3357 deitatis
922 3316 1005 3373 qoam
1028 3297 1327 3373 adquiescatis...

151 3407 187 3483 (ΙΙ
201 3410 251 3476 13,
261 3407 367 3485 4-5).
400 3408 455 3465 His
472 3407 573 3464 Cicero
590 3407 713 3464 comitia
729 3407 961 3480 magistratibus
978 3406 1008 3462 in
1024 3404 1194 3479 proximum
1211 3423 1328 3463 annum

151 3515 287 3572 creandis
312 3515 384 3589 quin
408 3514 635 3589 significaverit,
660 3531 722 3571 non
747 3517 795 3571 est
818 3499 951 3573 dubium.
986 3511 1094 3568 Mirum
1116 3511 1209 3586 igitur
1231 3515 1325 3580 esset,

151 3621 178 3679 si
200 3625 265 3679 tum
289 3620 424 3679 eiusdem
448 3621 520 3678 anui
543 3621 657 3678 aediles
681 3620 815 3678 nondum
838 3619 971 3678 fuissent
994 3618 1096 3677 creati.

238 3728 342 3803 Neque
367 3728 469 3785 Cicero
494 3726 683 3785 comitiorum
706 3727 871 3784 alterorum
895 3726 1016 3799 longam
1040 3725 1231 3783 reiectionem
1255 3741 1328 3782 ora-

149 3836 232 3893 tione
255 3853 315 3893 sua
330 3852 503 3902 memorare,
529 3837 565 3892 ut
586 3834 717 3891 iudicum
743 3833 861 3891 animos
887 3834 1030 3900 moveret,
1057 3832 1325 3906 praetermisisset,

150 3943 326 4017 praesertim
350 3960 418 3999 cum
442 3960 479 4000 ne
503 3941 610 3998 Sextili
634 3941 755 4017 quidem
786 3958 888 3998 mense
921 3938 1034 3996 aediles
1066 3939 1184 3996 curules
1212 3955 1326 3996 munus

149 4048 252 4105 inituri
275 4049 395 4106 fuerint.
440 4049 487 4106 An
511 4051 657 4122 putamus
681 4049 715 4105 A.
738 4046 881 4115 Plotium,
906 4045 1012 4104 Planci
1044 4045 1199 4120 collegam,
1233 4048 1327 4104 antea

240 4276 257 4345 ι)
278 4274 315 4330 aa
333 4275 410 4330 stuc
427 4274 465 4329 Ν
480 4273 556 4340 raa:
575 4274 672 4344 range
689 4231 728 4327 ur
746 4290 772 4344 p.
786 4271 839 4328 aas
857 4275 887 4327 a
905 4272 966 4329 ars.
