2970 4822
626 307 848 364 ..13-

150 485 282 560 scripsit,
308 485 429 542 omnino
454 503 701 559 supervacaneas
733 504 811 546 esse.
858 486 994 543 Vidimus
1012 503 1106 560 supra
1122 487 1214 544 etiam
1231 486 1329 562 scrip-

150 593 250 649 turam
273 589 424 664 Septembr.
448 610 551 650 veram
576 611 652 651 esse.
700 591 799 662 Quare
822 610 883 650 non
906 596 962 661 est,
988 611 1042 650 cur
1065 594 1101 650 de
1127 593 1224 651 altera
1240 593 1329 652 dubi-

150 702 259 766 temus,
277 699 337 755 nisi
352 699 430 756 forte
455 701 602 775 probatur
624 699 691 756 fieri
707 717 768 757 non
791 699 940 774 potuisse,
966 701 1002 757 ut
1016 700 1168 758 tabellarii
1183 700 1330 758 vicesimo

152 805 199 863 die
234 806 434 864 advenirent·
477 807 573 881 Atqui
606 806 685 863 hanc
720 805 903 864 celeritatem
938 807 997 864 etsi
1032 824 1187 880 magnam.
1224 810 1329 863 tamen

150 913 232 970 insto
268 913 392 971 nimiam
430 931 491 971 non
525 913 622 971 fuisse
656 913 736 970 infra
770 913 898 982 docebo;
934 914 1064 981 accedit,
1106 914 1187 989 quod
1224 914 1327 970 Cicero

151 1037 275 1079 numero
311 1020 439 1078 ordinali
473 1038 552 1078 usus
587 1020 727 1077 eximiam
767 1038 870 1078 eorum
909 1020 1094 1078 celeritatem
1135 1021 1330 1094 significasse

150 1128 278 1186 videtur.
325 1127 438 1185 Ceteris
463 1128 541 1184 enim
564 1127 650 1195 lociS,
675 1129 710 1184 ut
737 1127 966 1185 tabellariorum
997 1127 1113 1185 itineris
1146 1127 1331 1185 celeritatem

150 1234 237 1291 fratri
261 1233 455 1308 patefaceret,
482 1251 542 1309 quo
567 1234 614 1291 die
638 1234 788 1309 epistulae
812 1233 902 1291 datae
930 1251 1052 1309 quoque
1084 1234 1219 1292 redditae
1244 1236 1326 1303 sunt,

152 1341 281 1415 scripsit,
308 1343 344 1398 ut
367 1342 420 1411 Qu.
443 1340 478 1398 fr.
502 1340 541 1398 III
560 1341 653 1410 1,13;
681 1341 769 1409 1‚25.
816 1341 904 1414 Ergo,
933 1343 968 1398 ut
1001 1343 1065 1398 tam
1097 1341 1233 1398 celeriter
1256 1358 1328 1415 pro-

151 1448 367 1515 ficiscerentur,
382 1448 528 1522 singulari
541 1448 673 1522 quadam
686 1465 783 1505 causa
793 1447 944 1505 tabellarii
955 1448 1097 1506 videntur
1108 1448 1232 1522 impulsi
1249 1465 1330 1505 esse.

241 1555 325 1624 Quae
360 1555 436 1612 mira
474 1555 576 1613 omnia
613 1554 703 1612 facile
740 1555 937 1629 explicantur,
978 1555 1005 1611 si
1043 1554 1113 1613 illos
1148 1555 1329 1612 tabellarios

151 1662 322 1720 celerrimos
346 1665 469 1737 propter
490 1662 604 1719 duliam
634 1664 786 1719 mortuam
809 1679 829 1718 a
851 1661 980 1719 Caesare
1012 1662 1124 1719 missos
1157 1679 1225 1719 esse
1258 1679 1329 1719 cen-

152 1787 267 1838 semus;
292 1769 411 1826 litteras
436 1770 515 1826 enim
538 1769 900 1850 gravissimasuferebant
923 1768 959 1825 de
983 1769 1084 1826 duliae
1107 1769 1207 1836 rebus,
1236 1786 1329 1842 quam

151 1876 247 1933 filiam
270 1876 434 1950 imperator
457 1893 576 1950 semper
607 1865 725 1932 summo
758 1892 859 1932 amore
891 1877 1073 1950 prosecutus
1090 1883 1182 1954 ‘erat3
1213 1875 1328 1949 itaque,

153 2000 220 2039 cum
245 1983 373 2057 primum
397 1982 462 2040 eius
486 1985 613 2039 mortem
637 1982 841 2056 cognovisset,
867 1982 972 2039 statim
995 1982 1142 2039 mandata
1165 1982 1201 2039 de
1224 1982 1329 2039 funere

153 2089 283 2164 aliisque
307 2091 397 2147 rebus
421 2089 549 2146 Romam
571 2121 617 2130 —
638 2089 681 2145 ibi
706 2089 784 2146 enim
805 2088 926 2146 videtur
941 2089 1007 2145 filia
1022 2092 1148 2147 mortem
1164 2089 1267 2147 obisse
1283 2121 1328 2129 —

153 2213 222 2253 eum
260 2196 381 2253 misisse
419 2195 509 2253 facile
547 2195 758 2270 intellegimus
809 2196 910 2270 Atque
948 2198 984 2252 ut
1021 2196 1092 2253 illae
1127 2196 1328 2269 gravissimae

151 2302 271 2359 litterae
296 2320 386 2376 quam
411 2303 538 2378 primum
562 2303 771 2377 perferrentur,
805 2303 926 2360 duobus
957 2303 1007 2360 vel
1037 2303 1136 2360 tribus
1160 2302 1328 2360 tabellariis

152 2409 314 2466 celerrimis
338 2427 415 2467 usus
440 2413 494 2467 est.
543 2409 575 2465 Si
599 2410 677 2467 enim
693 2427 774 2467 unus
790 2409 840 2466 vel
856 2409 941 2478 alter,
968 2410 1131 2484 quominus
1151 2410 1208 2466 iter
1224 2426 1329 2484 perse-

153 2519 303 2590 queretur,
329 2516 360 2573 in
383 2517 488 2574 itinere
511 2517 579 2592 ipso
603 2517 728 2574 fortuna
750 2517 952 2591 impediretur,
978 2516 1093 2591 reliquo
1117 2516 1236 2573 litterae
1260 2534 1329 2591 per-

151 2623 293 2681 ferendae
317 2626 410 2681 erant.
456 2625 560 2699 Neque
585 2641 638 2681 eos
661 2624 693 2680 in
717 2623 928 2681 mansionibus
952 2623 1001 2680 vel
1029 2624 1251 2681 mutationibus
1277 2622 1330 2679 diu

152 2733 297 2800 moratos
324 2731 378 2789 sed
403 2748 494 2805 quam
518 2731 658 2788 maximis
683 2730 743 2788 diei
765 2729 924 2787 itineribus
948 2730 1102 2804 profectos
1127 2748 1195 2787 esse
1219 2746 1273 2804 per
1296 2747 1331 2786 se

152 2838 216 2895 veri
241 2837 338 2894 simile
362 2839 416 2895 est.
465 2837 531 2906 Qua
561 2855 593 2894 re
623 2837 738 2894 factum
764 2839 820 2904 est,
853 2840 889 2893 ut
919 2853 980 2911 quo
1007 2836 1114 2893 itinere
1136 2835 1290 2893 tabellarii
1314 2852 1331 2892 e

152 2944 312 3001 Britannia
335 2944 461 3001 Romam
487 2943 716 3018 proficiscentes
740 2943 848 3017 viginti
871 2943 932 3000 fere
957 2944 1025 3001 octo
1054 2943 1119 3001 dies
1150 2959 1331 3000 consumere

152 3051 302 3117 solebant,
338 3051 370 3107 id
405 3050 549 3108 vicesimo
585 3050 632 3106 die
668 3050 859 3108 conficerent.
905 3051 931 3107 A
965 3054 1057 3125 portu
1091 3050 1149 3107 ltio
1184 3049 1241 3106 iter
1271 3049 1333 3107 fuit

76 3131 89 3154 ’
152 3175 251 3231 usque
275 3158 314 3215 ad
338 3158 466 3214 Romam
494 3157 574 3214 circa
596 3156 776 3214 MCGCXLV
806 3157 928 3214 milium.
936 3154 959 3233 ¹)
1007 3157 1040 3213 Si
1069 3156 1130 3213 illis
1161 3155 1331 3213 tabellariis

153 3265 315 3322 celerrimis
339 3265 379 3322 ad
403 3265 460 3322 hoc
483 3265 540 3322 iter
562 3264 735 3321 faciendum
759 3263 967 3338 duodeviginti
996 3264 1103 3321 diebus
1128 3280 1205 3337 opus
1230 3262 1332 3320 fuisse

153 3371 324 3429 iudicamus
348 3405 385 3412 —
416 3372 476 3429 duo
501 3372 579 3428 enim
611 3371 716 3429 itinere
739 3371 914 3429 Britannico
947 3372 977 3427 et
1007 3370 1157 3427 maritimo
1189 3369 1334 3426 videntur

152 3479 325 3554 consumpti
359 3496 428 3535 esse
451 3512 504 3546 —,
538 3478 647 3536 cotidie
678 3479 736 3535 iter
758 3478 862 3535 LXXV
884 3478 946 3535 fere
977 3477 1093 3534 milium
1124 3476 1333 3534 confecerunt.

152 3585 238 3654 Quod
264 3586 294 3643 Ο.
312 3586 342 3642 Ε.
360 3585 503 3654 Schmidt,
539 3585 591 3660 qui
621 3585 710 3659 plura
741 3585 777 3642 de
807 3584 1034 3643 tabellariorum
1066 3583 1219 3641 celeritate
1249 3599 1333 3640 com-

153 3693 259 3767 posuit
273 3710 300 3766 p.
318 3692 494 3752 201-205
512 3695 543 3749 et
559 3692 722 3759 378-79,
748 3691 977 3750 tabellariorum
993 3692 1111 3748 litteras
1127 3689 1333 3763 gravissimas

151 3798 312 3856 ferentium
336 3799 396 3856 diei
419 3800 476 3856 iter
498 3799 617 3856 XL—L
640 3799 754 3856 milium
778 3799 876 3856 fuisse
900 3797 1064 3865 contendit,
1089 3798 1126 3854 ad
1151 3796 1235 3853 illam
1258 3813 1333 3853 sen-

151 3907 279 3963 tentiam
302 3907 483 3964 reieiendam
515 3907 684 3979 argumenti
715 3906 776 3963 vim
808 3922 870 3962 non
900 3905 1002 3972 habet,
1036 3922 1104 3961 cum
1135 3903 1246 3960 eximia
1277 3903 1335 3961 illa

152 4013 291 4070 celeritas
316 4015 406 4071 rebus
430 4014 507 4089 ipsis
531 4014 706 4071 necessaria
729 4015 820 4070 esset.
868 4011 926 4068 Sed
951 4014 986 4068 ut
1008 4012 1168 4068 redeamus
1193 4010 1332 4079 adrem,

243 4240 261 4310 1)
280 4239 340 4295 mn.
360 4241 426 4295 Ant.
445 4256 471 4310 p.
487 4239 546 4295 rea
