2970 4822
626 359 849 416 ..46-

155 540 282 614 exspecto
303 538 431 595 exeunte
454 537 514 594 iam
539 555 642 595 mense
665 537 752 594 lunio
777 536 868 594 scribi
891 538 1033 611 poterant
1056 554 1154 612 neque
1177 536 1340 604 habemus,

156 663 208 705 cur
235 644 296 702 alio
327 644 493 719 posteriore
525 646 660 718 tompore
689 662 726 701 ea
749 643 862 718 scripta
886 661 954 700 esse
979 661 1168 702 censeamus
1215 642 1284 713 Qua
1306 661 1342 701 re

154 751 186 809 in
208 751 266 808 hac
290 751 472 825 quaestione
496 750 692 807 diiudicanda
714 750 835 807 inutilia
857 750 918 806 iere
943 752 1024 807 sunt

242 857 408 915 Videamus
439 874 532 925 nunc,
566 856 720 914 meliorem
751 874 823 913 uum
855 857 1022 914 habeamus
1055 856 1120 915 eius
1151 855 1194 915 rei
1217 874 1340 915 ausam.

153 965 253 1040 Atque
278 965 423 1038 scriptum
446 964 601 1021 videmus:
632 961 756 1039 Scripsit
781 962 820 1021 ad
842 981 885 1021 me
908 961 1014 1022 Ceasar
1034 963 1246 1039 perhumaniter
1267 981 1339 1022 eoa·

153 1071 220 1130 dam
243 1074 268 1128 te
290 1069 345 1128 sibi
366 1069 435 1128 satis
457 1069 632 1142 familiarem
653 1073 770 1146 propter
793 1069 986 1146 occupationes
1008 1087 1086 1142 saras,
1109 1068 1156 1128 sed
1179 1073 1251 1128 certe
1273 1071 1342 1143 fore

154 1178 188 1253 (c.
209 1177 245 1254 1).
302 1177 474 1247 Quaeritur,
509 1176 622 1234 Caesar
650 1178 772 1251 quando
807 1175 1022 1253 perhumaniter
1055 1176 1091 1233 de
1122 1177 1264 1235 Trebatio
1296 1177 1336 1234 ad

154 1285 325 1342 Ciceronem
360 1283 521 1357 scripserit.
574 1283 650 1342 Miro
686 1283 775 1341 modo
807 1284 837 1340 id
874 1282 1017 1356 cognosci
1051 1282 1171 1341 videtur
1201 1283 1339 1358 epistula

153 1392 206 1461 Qu.
223 1390 257 1451 ir.
282 1390 308 1447 ll
328 1390 382 1458 13;
407 1391 483 1447 haec
499 1391 576 1447 enirn
593 1391 624 1447 iu
640 1408 677 1448 ea
692 1391 812 1448 insunt:
841 1389 1003 1448 Trebatium
1017 1388 1090 1464 qaod
1104 1388 1142 1447 od
1157 1407 1185 1448 se
1198 1388 1336 1462 miserim,
1431 1453 1434 1460 A

147 1496 327 1572 persalse
356 1501 389 1555 et
418 1496 639 1555 humaniter
668 1497 753 1555 etiam
780 1495 890 1571 gratias
911 1495 984 1554 mili
1005 1495 1081 1572 cpit·
1102 1499 1184 1572 nepot
1205 1495 1332 1555 mimir

152 1608 232 1663 tanta
254 1603 434 1663 multitudine
464 1620 575 1676 eoram,
606 1603 655 1679 qai
677 1622 734 1662 aaa
757 1607 856 1676 essert,
879 1620 1042 1678 cameriam
1063 1603 1160 1676 faisse,
1183 1603 1233 1679 qai
1253 1603 1335 1662 radi-

151 1711 278 1770 moaiam
302 1709 445 1784 cmcipere
464 1714 557 1784 posset
581 1709 615 1787 tc.
634 1710 673 1787 3).
713 1711 827 1769 Caesar
849 1711 941 1784 igitur
965 1710 1075 1768 litteris
1100 1728 1127 1768 a.
1148 1710 1175 1770 d.
1192 1711 1239 1769 IlL
1256 1711 1332 1773 Non.

150 1819 213 1875 Iun.
243 1818 346 1875 Marco
377 1817 520 1885 redditio,
555 1835 645 1892 qnam
677 1817 783 1875 suavis
816 1817 918 1887 Quinti
950 1817 1008 1874 sibi
1038 1817 1151 1874 fuisset
1180 1818 1334 1876 adventus

152 1922 217 2001 (Qu.
241 1923 275 1980 ir.
299 1923 371 1991 113,
390 1922 418 1999 1)
450 1923 571 1998 aliaque
599 1924 800 1981 humanitatis
828 1923 925 1981 multa
948 1924 1042 1981 verba
1065 1927 1095 1981 et
1118 1924 1155 1982 de
1178 1924 1331 1992 Trebatio,

151 2049 231 2107 quae
255 2030 359 2099 attuli,
394 2030 565 2104 scripserat.
611 2031 707 2100 Quam
732 2030 873 2088 Caesaris
898 2030 1060 2105 epistulam
1084 2031 1211 2088 eandem
1232 2025 1331 2091 fuisse

151 2156 187 2195 ac
205 2156 284 2213 quae
302 2137 332 2193 in
345 2137 464 2195 Trebati
483 2137 615 2211 epistula
628 2137 679 2194 Vll
692 2137 720 2194 8.
733 2140 917 2194 memoratur
930 2137 1130 2195 demonstrari
1141 2154 1234 2212 posse
1248 2141 1331 2214 puto.

240 2246 284 2301 Ac
307 2244 435 2318 primunr
460 2244 580 2319 quidem
605 2245 700 2301 altero
725 2244 792 2302 loco
817 2242 882 2320 (Qu.
898 2243 933 2301 fr.
950 2243 976 2300 ll
996 2244 1044 2312 13,
1061 2239 1093 2326 3)
1117 2244 1278 2302 Caesarem
1294 2244 1331 2303 de

150 2352 292 2409 Trebatio
326 2351 442 2424 gratias
474 2352 572 2425 egisse
604 2351 704 2408 verbis
732 2351 809 2426 ipsis
835 2350 1041 2424 cognoscitur,
1075 2369 1112 2408 ex
1136 2351 1234 2410 altero
1257 2369 1331 2411 vero

151 2456 231 2535 (fam.
255 2457 308 2515 Vll
326 2459 355 2524 8,
372 2457 401 2534 1)
425 2458 503 2516 idem
528 2458 767 2516 concludendum
791 2459 846 2515 est.
886 2457 998 2515 Caesar
1018 2458 1104 2526 enim,
1131 2461 1217 2516 uteo
1234 2461 1329 2533 patet,

150 2567 232 2641 qnod
262 2565 422 2623 familiaris
453 2565 587 2622 noudum
618 2565 696 2622 satis
729 2564 787 2622 sibi
819 2567 900 2621 esset
923 2564 1101 2633 Trebatius,
1133 2564 1268 2623 Ciceroni
1296 2583 1331 2624 se

149 2675 358 2732 excusaverat.
406 2672 464 2728 Vix
492 2672 610 2729 credere
632 2672 703 2729 licet
726 2690 793 2729 eum
816 2672 877 2729 iarn
902 2673 993 2728 antea
1016 2672 1052 2728 de
1068 2672 1211 2729 Trebatio
1235 2671 1327 2730 misso

149 2781 326 2854 scripsisse,
360 2779 449 2854 quia,
483 2779 510 2836 si
542 2779 732 2852 scripsisset,
764 2779 935 2837 eiusmodi
960 2779 1174 2836 excusatione:
1205 2777 1332 2837 amdam

148 2885 347 2959 [Trebatium]
370 2884 425 2943 sibi
447 2884 518 2943 catis
540 2901 596 2943 esse
617 2884 792 2957 familiarem
810 2888 933 2957 propter
955 2883 1151 2965 occupationes
1172 2901 1256 2958 smus,
1282 2883 1331 2944 sed

150 2995 220 3049 certe
243 2992 314 3064 fore,
339 2991 490 3048 Ciceronis
515 2992 647 3048 animum
663 2991 753 3048 facile
764 2991 958 3060 *offendisset
984 2992 1015 3049 id
1031 2992 1111 3067 quod
1128 2995 1192 3050 turn
1209 3010 1331 3051 summa

133 3101 214 3168 arte
238 3098 358 3156 vitavit.
405 3099 471 3169 Qua
494 3115 525 3155 re
548 3098 635 3155 loeus
658 3098 707 3154 hie
731 3098 775 3156 sic
790 3098 1010 3172 intellegendus
1034 3101 1090 3166 est,
1117 3102 1151 3157 ut
1168 3099 1328 3158 Caesarem

147 3208 212 3263 turn
240 3206 368 3281 primum
400 3205 436 3262 de
468 3222 503 3263 eo
528 3206 567 3262 ad
582 3205 716 3262 Marcum
738 3205 900 3280 scripsisse
917 3223 1095 3264 censeamus
1113 3209 1144 3263 et
1158 3205 1189 3262 id
1206 3206 1326 3282 quidem

146 3312 253 3370 iisdem
283 3313 401 3381 litteris,
428 3312 538 3388 quibus
563 3313 599 3369 de
623 3313 724 3382 Quinti
749 3313 884 3369 adventu
908 3313 1052 3385 gaudium
1074 3329 1164 3370 suum
1185 3312 1327 3389 prodidit.

147 3418 247 3476 Tacile
271 3420 348 3476 enim
376 3419 443 3476 fieri
466 3422 595 3494 poterat,
628 3422 671 3486 ut,
697 3419 777 3494 quod
795 3422 825 3476 et
852 3419 911 3476 fuit
931 3419 967 3477 de
983 3419 1124 3478 Trebatio
1141 3418 1327 3479 rescribendi

133 3525 291 3593 officium,
317 3543 416 3600 usque
439 3526 478 3582 ad
495 3526 596 3596 Quinti
620 3526 784 3584 adventum
807 3526 931 3584 reiceret
955 3529 985 3583 et
1007 3530 1072 3583 tum
1093 3526 1202 3584 iisdem
1216 3512 1328 3584 litteris

148 3632 238 3689 etde
262 3622 404 3690 Trebatio
428 3635 458 3689 et
482 3632 517 3690 de
542 3632 652 3702 Quinto
677 3633 772 3690 misso
796 3634 912 3707 gratias
937 3637 1047 3707 ageret.

235 3740 350 3796 Deinde
375 3740 495 3798 duobus
519 3739 580 3797 illis
604 3739 679 3796 locis
704 3742 734 3796 et
757 3739 868 3809 Quia
892 3739 918 3796 Π
939 3740 987 3808 13,
1000 3740 1028 3798 3.
1053 3742 1084 3797 et
1097 3740 1169 3798 fam.
1182 3739 1236 3798 VlI
1251 3739 1281 3815 8,
1297 3741 1327 3796 1.

128 3845 252 3903 iisdem
275 3847 338 3904 iere
362 3846 462 3903 verbis
487 3846 627 3904 Caesaris
652 3845 802 3904 scribendi
825 3847 973 3905 rationem
999 3847 1100 3905 Cicero
1130 3846 1327 3921 significavit

145 3951 225 4009 Dicit
255 3953 333 4009 enim
366 3953 462 4010 altero
493 3953 562 4010 loco
587 3952 651 4029 (Qu.
668 3953 703 4011 ir.
720 3953 746 4010 ll
767 3953 816 4022 13,
831 3952 861 4029 3)
886 3953 1047 4011 Caesarem
1076 3953 1239 4029 scripsisse
1257 3969 1328 4026 per·

128 4057 214 4117 -sane
244 4062 270 4116 et
296 4059 470 4132 inmaniter,
502 4060 598 4117 altero
624 4059 848 4133 perhumaniter.
894 4059 1000 4136 Itaque
1032 4061 1155 4118 easdem
1183 4059 1327 4119 Caesaris

143 4152 262 4224 litteras
287 4167 460 4240 significare
483 4167 546 4225 iure
571 4167 787 4226 concludimus

233 4273 315 4353 Quae
340 4274 366 4332 si
390 4274 435 4331 ita
458 4275 539 4342 snut,
565 4275 687 4342 bonam,
712 4271 774 4349 qua
795 4275 940 4350 temporis
964 4275 1113 4332 rationem
1136 4277 1327 4341 statuamus,

1469 4158 1478 4437 ¹
