<?xml version="1.0" encoding="UTF-8"?>
<!DOCTYPE html PUBLIC "-//W3C//DTD XHTML 1.0 Transitional//EN"
    "http://www.w3.org/TR/xhtml1/DTD/xhtml1-transitional.dtd">
<html xmlns="http://www.w3.org/1999/xhtml" xml:lang="en" lang="en">
 <head>
  <title>
</title>
<meta http-equiv="Content-Type" content="text/html;charset=utf-8" />
  <meta name='ocr-system' content='tesseract 3.04.00' />
  <meta name='ocr-capabilities' content='ocr_page ocr_carea ocr_par ocr_line ocrx_word'/>
</head>
<body>
  <div class='ocr_page' id='page_1' title='image "./deepistulisamtu00kapegoog_0015.png"; bbox 0 0 2970 4822; ppageno 0'>
   <div class='ocr_carea' id='block_1_1' title="bbox 665 336 865 393">
    <p class='ocr_par' dir='ltr' id='par_1_1' title="bbox 665 336 865 393">
     <span class='ocr_line' id='line_1_1' title="bbox 665 336 865 393; baseline 0 -15"><span class='ocrx_word' id='word_1_1' title='bbox 665 336 865 393; x_wconf 79' lang='grc'><em>-4-</em></span> 
     </span>
    </p>
   </div>
   <div class='ocr_carea' id='block_1_2' title="bbox 171 511 1356 803">
    <p class='ocr_par' dir='ltr' id='par_1_2' title="bbox 171 511 1356 803">
     <span class='ocr_line' id='line_1_2' title="bbox 171 511 1356 589; baseline -0.003 -15"><span class='ocrx_word' id='word_1_2' title='bbox 171 513 344 589; x_wconf 74' lang='lat' dir='ltr'><em>panetarii,</em></span> <span class='ocrx_word' id='word_1_3' title='bbox 365 514 516 588; x_wconf 72' lang='lat' dir='ltr'><em>incertam,</em></span> <span class='ocrx_word' id='word_1_4' title='bbox 544 513 711 572; x_wconf 78' lang='lat' dir='ltr'><em>crediderim</em></span> <span class='ocrx_word' id='word_1_5' title='bbox 734 517 826 572; x_wconf 83' lang='lat' dir='ltr'><em>tamea</em></span> <span class='ocrx_word' id='word_1_6' title='bbox 849 512 1019 585; x_wconf 77' lang='lat' dir='ltr'><em>Placentiae,</em></span> <span class='ocrx_word' id='word_1_7' title='bbox 1042 529 1105 571; x_wconf 86' lang='lat' dir='ltr'><em>cara</em></span> <span class='ocrx_word' id='word_1_8' title='bbox 1128 511 1276 571; x_wconf 80' lang='lat' dir='ltr'><em>ansarera</em></span> <span class='ocrx_word' id='word_1_9' title='bbox 1297 529 1356 570; x_wconf 86' lang='lat' dir='ltr'><em>aaa</em></span> 
     </span>
     <span class='ocr_line' id='line_1_3' title="bbox 176 619 1355 697; baseline -0.003 -17"><span class='ocrx_word' id='word_1_10' title='bbox 176 621 264 680; x_wconf 78' lang='lat' dir='ltr'><em>reialta</em></span> <span class='ocrx_word' id='word_1_11' title='bbox 281 625 350 695; x_wconf 82' lang='lat' dir='ltr'><em>post</em></span> <span class='ocrx_word' id='word_1_12' title='bbox 366 620 465 697; x_wconf 77' lang='lat' dir='ltr'><em>Quinti</em></span> <span class='ocrx_word' id='word_1_13' title='bbox 486 621 636 680; x_wconf 83' lang='lat' dir='ltr'><em>educatam</em></span> <span class='ocrx_word' id='word_1_14' title='bbox 660 621 770 679; x_wconf 73' lang='lat' dir='ltr'><em>litteras</em></span> <span class='ocrx_word' id='word_1_15' title='bbox 792 620 858 679; x_wconf 89' lang='lat' dir='ltr'><em>illas</em></span> <span class='ocrx_word' id='word_1_16' title='bbox 881 619 987 679; x_wconf 79' lang='lat' dir='ltr'><em>dedisse</em></span> <span class='ocrx_word' id='word_1_17' title='bbox 1001 623 1140 693; x_wconf 80' lang='lat' dir='ltr'><em>appareat</em></span> <span class='ocrx_word' id='word_1_18' title='bbox 1161 637 1246 694; x_wconf 75' lang='lat' dir='ltr'><em>aecae</em></span> <span class='ocrx_word' id='word_1_19' title='bbox 1261 622 1355 677; x_wconf 84' lang='lat' dir='ltr'><em>tamea</em></span> 
     </span>
     <span class='ocr_line' id='line_1_4' title="bbox 177 724 1356 803; baseline -0.003 -16"><span class='ocrx_word' id='word_1_20' title='bbox 177 728 228 787; x_wconf 85' lang='lat' dir='ltr'><em>dia</em></span> <span class='ocrx_word' id='word_1_21' title='bbox 253 728 344 787; x_wconf 87' lang='lat' dir='ltr'><em>adlac</em></span> <span class='ocrx_word' id='word_1_22' title='bbox 370 745 433 786; x_wconf 84' lang='lat' dir='ltr'><em>carre</em></span> <span class='ocrx_word' id='word_1_23' title='bbox 461 727 511 786; x_wconf 91' lang='lat' dir='ltr'><em>illo</em></span> <span class='ocrx_word' id='word_1_24' title='bbox 537 731 679 787; x_wconf 79' lang='lat' dir='ltr'><em>casatam</em></span> <span class='ocrx_word' id='word_1_25' title='bbox 706 745 770 800; x_wconf 89' lang='lat' dir='ltr'><em>esse,</em></span> <span class='ocrx_word' id='word_1_26' title='bbox 801 726 874 803; x_wconf 73' lang='lat' dir='ltr'><em>adad</em></span> <span class='ocrx_word' id='word_1_27' title='bbox 900 730 960 785; x_wconf 84' lang='lat' dir='ltr'><em>tara</em></span> <span class='ocrx_word' id='word_1_28' title='bbox 987 744 1053 785; x_wconf 79' lang='lat' dir='ltr'><em>sarie</em></span> <span class='ocrx_word' id='word_1_29' title='bbox 1079 745 1137 785; x_wconf 88' lang='lat' dir='ltr'><em>aaa</em></span> <span class='ocrx_word' id='word_1_30' title='bbox 1163 743 1226 784; x_wconf 84' lang='lat' dir='ltr'><em>aera</em></span> <span class='ocrx_word' id='word_1_31' title='bbox 1254 724 1356 801; x_wconf 88' lang='lat' dir='ltr'><em>Qaiati</em></span> 
     </span>
    </p>
   </div>
   <div class='ocr_carea' id='block_1_3' title="bbox 110 832 1354 4326">
    <p class='ocr_par' dir='ltr' id='par_1_3' title="bbox 110 832 1354 3150">
     <span class='ocr_line' id='line_1_5' title="bbox 176 832 1354 912; baseline -0.003 -20"><span class='ocrx_word' id='word_1_32' title='bbox 176 833 279 894; x_wconf 79' lang='lat' dir='ltr'><em>litteris</em></span> <span class='ocrx_word' id='word_1_33' title='bbox 296 834 445 909; x_wconf 74' lang='lat' dir='ltr'><em>prioribus</em></span> <span class='ocrx_word' id='word_1_34' title='bbox 467 852 533 894; x_wconf 85' lang='lat' dir='ltr'><em>seras</em></span> <span class='ocrx_word' id='word_1_35' title='bbox 555 833 683 894; x_wconf 85' lang='lat' dir='ltr'><em>Romam</em></span> <span class='ocrx_word' id='word_1_36' title='bbox 705 833 826 893; x_wconf 83' lang='lat' dir='ltr'><em>misisset</em></span> <span class='ocrx_word' id='word_1_37' title='bbox 849 834 887 912; x_wconf 91' lang='lat' dir='ltr'><em>(p.</em></span> <span class='ocrx_word' id='word_1_38' title='bbox 911 832 1063 910; x_wconf 81' lang='lat'>41-42).</span> <span class='ocrx_word' id='word_1_39' title='bbox 1128 834 1187 891; x_wconf 84' lang='lat' dir='ltr'><em>Sed</em></span> <span class='ocrx_word' id='word_1_40' title='bbox 1211 851 1278 890; x_wconf 86' lang='lat' dir='ltr'><em>earn</em></span> <span class='ocrx_word' id='word_1_41' title='bbox 1302 850 1354 890; x_wconf 84' lang='lat' dir='ltr'><em>ex-</em></span> 
     </span>
     <span class='ocr_line' id='line_1_6' title="bbox 176 940 1353 1018; baseline -0.003 -18"><span class='ocrx_word' id='word_1_42' title='bbox 176 942 379 1016; x_wconf 88' lang='lat' dir='ltr'><em>plicationem,</em></span> <span class='ocrx_word' id='word_1_43' title='bbox 406 960 484 1018; x_wconf 93' lang='lat' dir='ltr'><em>quae</em></span> <span class='ocrx_word' id='word_1_44' title='bbox 508 941 591 999; x_wconf 90' lang='lat' dir='ltr'><em>nullo</em></span> <span class='ocrx_word' id='word_1_45' title='bbox 616 941 815 1016; x_wconf 77' lang='lat' dir='ltr'><em>epistularum</em></span> <span class='ocrx_word' id='word_1_46' title='bbox 839 940 906 999; x_wconf 92' lang='lat' dir='ltr'><em>loco</em></span> <span class='ocrx_word' id='word_1_47' title='bbox 931 941 1135 1008; x_wconf 88' lang='lat' dir='ltr'><em>confirmatur,</em></span> <span class='ocrx_word' id='word_1_48' title='bbox 1164 940 1353 998; x_wconf 88' lang='lat' dir='ltr'><em>levissimam</em></span> 
     </span>
     <span class='ocr_line' id='line_1_7' title="bbox 177 1047 1354 1122; baseline -0.003 -15"><span class='ocrx_word' id='word_1_49' title='bbox 177 1067 246 1107; x_wconf 88' lang='lat' dir='ltr'><em>esse</em></span> <span class='ocrx_word' id='word_1_50' title='bbox 269 1067 357 1107; x_wconf 89' lang='lat' dir='ltr'><em>nemo</em></span> <span class='ocrx_word' id='word_1_51' title='bbox 381 1066 443 1107; x_wconf 90' lang='lat' dir='ltr'><em>non</em></span> <span class='ocrx_word' id='word_1_52' title='bbox 465 1049 557 1109; x_wconf 90' lang='lat' dir='ltr'><em>videt.</em></span> <span class='ocrx_word' id='word_1_53' title='bbox 596 1049 721 1106; x_wconf 90' lang='lat' dir='ltr'><em>Rectius</em></span> <span class='ocrx_word' id='word_1_54' title='bbox 743 1049 821 1105; x_wconf 90' lang='lat' dir='ltr'><em>enim</em></span> <span class='ocrx_word' id='word_1_55' title='bbox 846 1048 1005 1122; x_wconf 83' lang='lat' dir='ltr'><em>opinamur</em></span> <span class='ocrx_word' id='word_1_56' title='bbox 1027 1047 1189 1122; x_wconf 76' lang='lat' dir='ltr'><em>epistulam</em></span> <span class='ocrx_word' id='word_1_57' title='bbox 1206 1065 1226 1103; x_wconf 90' lang='lat' dir='ltr'><em>a</em></span> <span class='ocrx_word' id='word_1_58' title='bbox 1241 1047 1354 1116; x_wconf 92' lang='lat' dir='ltr'><em>Quinto</em></span> 
     </span>
     <span class='ocr_line' id='line_1_8' title="bbox 175 1153 1351 1230; baseline -0.003 -17"><span class='ocrx_word' id='word_1_59' title='bbox 175 1155 349 1214; x_wconf 78' lang='lat' dir='ltr'><em>Placentiae</em></span> <span class='ocrx_word' id='word_1_60' title='bbox 381 1156 525 1230; x_wconf 83' lang='lat' dir='ltr'><em>scriptam</em></span> <span class='ocrx_word' id='word_1_61' title='bbox 556 1172 618 1214; x_wconf 92' lang='lat' dir='ltr'><em>non</em></span> <span class='ocrx_word' id='word_1_62' title='bbox 648 1155 717 1230; x_wconf 89' lang='lat' dir='ltr'><em>ipso</em></span> <span class='ocrx_word' id='word_1_63' title='bbox 749 1155 901 1212; x_wconf 89' lang='lat' dir='ltr'><em>adventus</em></span> <span class='ocrx_word' id='word_1_64' title='bbox 934 1157 1069 1228; x_wconf 88' lang='lat' dir='ltr'><em>tempore</em></span> <span class='ocrx_word' id='word_1_65' title='bbox 1104 1155 1173 1211; x_wconf 90' lang='lat' dir='ltr'><em>inde</em></span> <span class='ocrx_word' id='word_1_66' title='bbox 1204 1153 1351 1227; x_wconf 83' lang='lat' dir='ltr'><em>perlatam</em></span> 
     </span>
     <span class='ocr_line' id='line_1_9' title="bbox 176 1260 1353 1337; baseline -0.003 -17"><span class='ocrx_word' id='word_1_67' title='bbox 176 1280 255 1331; x_wconf 90' lang='lat' dir='ltr'><em>esse,</em></span> <span class='ocrx_word' id='word_1_68' title='bbox 289 1262 343 1320; x_wconf 90' lang='lat' dir='ltr'><em>sed</em></span> <span class='ocrx_word' id='word_1_69' title='bbox 367 1262 526 1337; x_wconf 88' lang='lat' dir='ltr'><em>aliquanto</em></span> <span class='ocrx_word' id='word_1_70' title='bbox 549 1262 693 1335; x_wconf 87' lang='lat' dir='ltr'><em>temporis</em></span> <span class='ocrx_word' id='word_1_71' title='bbox 718 1264 797 1335; x_wconf 90' lang='lat' dir='ltr'><em>post.</em></span> <span class='ocrx_word' id='word_1_72' title='bbox 836 1261 914 1319; x_wconf 90' lang='lat' dir='ltr'><em>Nam</em></span> <span class='ocrx_word' id='word_1_73' title='bbox 937 1279 969 1318; x_wconf 88' lang='lat' dir='ltr'><em>re</em></span> <span class='ocrx_word' id='word_1_74' title='bbox 992 1261 1061 1335; x_wconf 93' lang='lat' dir='ltr'><em>ipsa</em></span> <span class='ocrx_word' id='word_1_75' title='bbox 1084 1261 1191 1318; x_wconf 89' lang='lat' dir='ltr'><em>mirum</em></span> <span class='ocrx_word' id='word_1_76' title='bbox 1207 1260 1353 1329; x_wconf 72' lang='lat' dir='ltr'><em>esset,&#39;si</em></span> 
     </span>
     <span class='ocr_line' id='line_1_10' title="bbox 176 1367 1353 1448; baseline -0.001 -23"><span class='ocrx_word' id='word_1_77' title='bbox 176 1369 281 1426; x_wconf 90' lang='lat' dir='ltr'><em>eodem</em></span> <span class='ocrx_word' id='word_1_78' title='bbox 305 1369 363 1448; x_wconf 86' lang='lat' dir='ltr'><em>die,</em></span> <span class='ocrx_word' id='word_1_79' title='bbox 395 1386 456 1444; x_wconf 91' lang='lat' dir='ltr'><em>quo</em></span> <span class='ocrx_word' id='word_1_80' title='bbox 481 1369 610 1439; x_wconf 81' lang='lat' dir='ltr'><em>Quintus</em></span> <span class='ocrx_word' id='word_1_81' title='bbox 634 1367 821 1425; x_wconf 87' lang='lat' dir='ltr'><em>Placentiam</em></span> <span class='ocrx_word' id='word_1_82' title='bbox 852 1368 985 1436; x_wconf 90' lang='lat' dir='ltr'><em>advenit,</em></span> <span class='ocrx_word' id='word_1_83' title='bbox 1018 1367 1196 1425; x_wconf 90' lang='lat' dir='ltr'><em>tabellarius</em></span> <span class='ocrx_word' id='word_1_84' title='bbox 1228 1369 1353 1441; x_wconf 90' lang='lat' dir='ltr'><em>praesto</em></span> 
     </span>
     <span class='ocr_line' id='line_1_11' title="bbox 175 1474 1352 1550; baseline 0 -18"><span class='ocrx_word' id='word_1_85' title='bbox 175 1476 295 1543; x_wconf 87' lang='lat' dir='ltr'><em>fuisset,</em></span> <span class='ocrx_word' id='word_1_86' title='bbox 322 1475 374 1550; x_wconf 91' lang='lat' dir='ltr'><em>qui</em></span> <span class='ocrx_word' id='word_1_87' title='bbox 397 1474 516 1533; x_wconf 86' lang='lat' dir='ltr'><em>litteras</em></span> <span class='ocrx_word' id='word_1_88' title='bbox 540 1475 668 1533; x_wconf 87' lang='lat' dir='ltr'><em>Romam</em></span> <span class='ocrx_word' id='word_1_89' title='bbox 691 1475 846 1550; x_wconf 88' lang='lat' dir='ltr'><em>perferret;</em></span> <span class='ocrx_word' id='word_1_90' title='bbox 879 1475 945 1532; x_wconf 89' lang='lat' dir='ltr'><em>sine</em></span> <span class='ocrx_word' id='word_1_91' title='bbox 974 1475 1066 1532; x_wconf 92' lang='lat' dir='ltr'><em>dubio</em></span> <span class='ocrx_word' id='word_1_92' title='bbox 1091 1475 1220 1544; x_wconf 83' lang='lat' dir='ltr'><em>Quintus</em></span> <span class='ocrx_word' id='word_1_93' title='bbox 1245 1483 1352 1532; x_wconf 90' lang='lat' dir='ltr'><em>servos</em></span> 
     </span>
     <span class='ocr_line' id='line_1_12' title="bbox 175 1581 1351 1659; baseline -0.003 -19"><span class='ocrx_word' id='word_1_94' title='bbox 175 1582 353 1640; x_wconf 89' lang='lat' dir='ltr'><em>tabellarios</em></span> <span class='ocrx_word' id='word_1_95' title='bbox 376 1583 442 1658; x_wconf 90' lang='lat' dir='ltr'><em>ipse</em></span> <span class='ocrx_word' id='word_1_96' title='bbox 466 1599 570 1640; x_wconf 87' lang='lat' dir='ltr'><em>secum</em></span> <span class='ocrx_word' id='word_1_97' title='bbox 592 1600 654 1641; x_wconf 89' lang='lat' dir='ltr'><em>non</em></span> <span class='ocrx_word' id='word_1_98' title='bbox 678 1582 819 1649; x_wconf 89' lang='lat' dir='ltr'><em>habebat,</em></span> <span class='ocrx_word' id='word_1_99' title='bbox 846 1582 900 1639; x_wconf 87' lang='lat' dir='ltr'><em>sed</em></span> <span class='ocrx_word' id='word_1_100' title='bbox 924 1584 980 1639; x_wconf 90' lang='lat' dir='ltr'><em>aut</em></span> <span class='ocrx_word' id='word_1_101' title='bbox 994 1581 1203 1648; x_wconf 72' lang='lat' dir='ltr'><em>familiaribus</em></span> <span class='ocrx_word' id='word_1_102' title='bbox 1229 1581 1351 1659; x_wconf 89' lang='lat' dir='ltr'><em>siquos</em></span> 
     </span>
     <span class='ocr_line' id='line_1_13' title="bbox 176 1687 1352 1764; baseline -0.002 -18"><span class='ocrx_word' id='word_1_103' title='bbox 176 1689 219 1746; x_wconf 38' lang='lat' dir='ltr'><em>in,</em></span> <span class='ocrx_word' id='word_1_104' title='bbox 237 1689 299 1746; x_wconf 88' lang='grc'>11113</span> <span class='ocrx_word' id='word_1_105' title='bbox 320 1689 451 1764; x_wconf 70' lang='lat' dir='ltr'><em>&#39;oppidis</em></span> <span class='ocrx_word' id='word_1_106' title='bbox 482 1689 604 1758; x_wconf 90' lang='lat' dir='ltr'><em>habuit,</em></span> <span class='ocrx_word' id='word_1_107' title='bbox 641 1689 759 1746; x_wconf 90' lang='lat' dir='ltr'><em>litteras</em></span> <span class='ocrx_word' id='word_1_108' title='bbox 792 1688 875 1745; x_wconf 92' lang='lat' dir='ltr'><em>dedit</em></span> <span class='ocrx_word' id='word_1_109' title='bbox 903 1688 973 1746; x_wconf 91' lang='lat' dir='ltr'><em>inde</em></span> <span class='ocrx_word' id='word_1_110' title='bbox 1004 1688 1211 1763; x_wconf 75' lang='lat' dir='ltr'><em>perferendae,</em></span> <span class='ocrx_word' id='word_1_111' title='bbox 1246 1687 1352 1761; x_wconf 90' lang='lat' dir='ltr'><em>itaque</em></span> 
     </span>
     <span class='ocr_line' id='line_1_14' title="bbox 174 1794 1352 1870; baseline -0.002 -18"><span class='ocrx_word' id='word_1_112' title='bbox 174 1813 277 1853; x_wconf 90' lang='lat' dir='ltr'><em>morae</em></span> <span class='ocrx_word' id='word_1_113' title='bbox 300 1795 390 1853; x_wconf 88' lang='lat' dir='ltr'><em>facile</em></span> <span class='ocrx_word' id='word_1_114' title='bbox 415 1795 485 1853; x_wconf 91' lang='lat' dir='ltr'><em>oriri</em></span> <span class='ocrx_word' id='word_1_115' title='bbox 516 1798 666 1870; x_wconf 90' lang='lat' dir='ltr'><em>poterant,</em></span> <span class='ocrx_word' id='word_1_116' title='bbox 699 1795 771 1869; x_wconf 90' lang='lat' dir='ltr'><em>qnia</em></span> <span class='ocrx_word' id='word_1_117' title='bbox 800 1794 1003 1852; x_wconf 85' lang='lat' dir='ltr'><em>familiaribus</em></span> <span class='ocrx_word' id='word_1_118' title='bbox 1034 1794 1213 1852; x_wconf 91' lang='lat' dir='ltr'><em>tabellarios</em></span> <span class='ocrx_word' id='word_1_119' title='bbox 1246 1794 1352 1851; x_wconf 90' lang='lat' dir='ltr'><em>statim</em></span> 
     </span>
     <span class='ocr_line' id='line_1_15' title="bbox 176 1901 1351 1975; baseline -0.002 -16"><span class='ocrx_word' id='word_1_120' title='bbox 176 1903 305 1960; x_wconf 85' lang='lat' dir='ltr'><em>Romam</em></span> <span class='ocrx_word' id='word_1_121' title='bbox 329 1902 493 1960; x_wconf 90' lang='lat' dir='ltr'><em>mittendos</em></span> <span class='ocrx_word' id='word_1_122' title='bbox 511 1919 579 1959; x_wconf 89' lang='lat' dir='ltr'><em>raro</em></span> <span class='ocrx_word' id='word_1_123' title='bbox 595 1902 692 1958; x_wconf 88' lang='lat' dir='ltr'><em>fuisse</em></span> <span class='ocrx_word' id='word_1_124' title='bbox 709 1901 849 1959; x_wconf 88' lang='lat' dir='ltr'><em>credibile</em></span> <span class='ocrx_word' id='word_1_125' title='bbox 866 1903 925 1969; x_wconf 92' lang='lat' dir='ltr'><em>est;</em></span> <span class='ocrx_word' id='word_1_126' title='bbox 950 1903 1005 1958; x_wconf 90' lang='lat' dir='ltr'><em>aut</em></span> <span class='ocrx_word' id='word_1_127' title='bbox 1027 1901 1057 1958; x_wconf 93' lang='lat' dir='ltr'><em>in</em></span> <span class='ocrx_word' id='word_1_128' title='bbox 1078 1901 1262 1969; x_wconf 88' lang='lat' dir='ltr'><em>mansiones,</em></span> <span class='ocrx_word' id='word_1_129' title='bbox 1288 1918 1351 1975; x_wconf 92' lang='lat' dir='ltr'><em>quo</em></span> 
     </span>
     <span class='ocr_line' id='line_1_16' title="bbox 175 2007 1350 2082; baseline -0.003 -16"><span class='ocrx_word' id='word_1_130' title='bbox 175 2008 326 2067; x_wconf 85' lang='lat' dir='ltr'><em>tabellarii</em></span> <span class='ocrx_word' id='word_1_131' title='bbox 352 2027 367 2065; x_wconf 92' lang='lat' dir='ltr'><em>e</em></span> <span class='ocrx_word' id='word_1_132' title='bbox 392 2009 493 2067; x_wconf 86' lang='lat' dir='ltr'><em>Gallia</em></span> <span class='ocrx_word' id='word_1_133' title='bbox 516 2009 643 2066; x_wconf 86' lang='lat' dir='ltr'><em>Romam</em></span> <span class='ocrx_word' id='word_1_134' title='bbox 666 2009 895 2082; x_wconf 83' lang='lat' dir='ltr'><em>proficiscentes</em></span> <span class='ocrx_word' id='word_1_135' title='bbox 919 2009 1166 2076; x_wconf 81' lang='lat' dir='ltr'><em>devertebantur,</em></span> <span class='ocrx_word' id='word_1_136' title='bbox 1192 2026 1245 2065; x_wconf 89' lang='lat' dir='ltr'><em>eas</em></span> <span class='ocrx_word' id='word_1_137' title='bbox 1268 2007 1350 2076; x_wconf 89' lang='lat' dir='ltr'><em>tulit,</em></span> 
     </span>
     <span class='ocr_line' id='line_1_17' title="bbox 174 2115 1352 2191; baseline -0.001 -18"><span class='ocrx_word' id='word_1_138' title='bbox 174 2118 220 2184; x_wconf 92' lang='lat' dir='ltr'><em>ut,</em></span> <span class='ocrx_word' id='word_1_139' title='bbox 246 2116 273 2174; x_wconf 91' lang='lat' dir='ltr'><em>si</em></span> <span class='ocrx_word' id='word_1_140' title='bbox 298 2117 366 2191; x_wconf 90' lang='lat' dir='ltr'><em>quis</em></span> <span class='ocrx_word' id='word_1_141' title='bbox 391 2117 502 2184; x_wconf 92' lang='lat' dir='ltr'><em>abiret,</em></span> <span class='ocrx_word' id='word_1_142' title='bbox 529 2134 590 2173; x_wconf 90' lang='lat' dir='ltr'><em>una</em></span> <span class='ocrx_word' id='word_1_143' title='bbox 613 2118 756 2190; x_wconf 87' lang='lat' dir='ltr'><em>portaret.</em></span> <span class='ocrx_word' id='word_1_144' title='bbox 803 2115 888 2172; x_wconf 90' lang='lat' dir='ltr'><em>Alias</em></span> <span class='ocrx_word' id='word_1_145' title='bbox 916 2115 994 2172; x_wconf 90' lang='lat' dir='ltr'><em>enim</em></span> <span class='ocrx_word' id='word_1_146' title='bbox 1018 2115 1071 2172; x_wconf 85' lang='lat' dir='ltr'><em>vix</em></span> <span class='ocrx_word' id='word_1_147' title='bbox 1092 2115 1190 2172; x_wconf 90' lang='lat' dir='ltr'><em>fuisse</em></span> <span class='ocrx_word' id='word_1_148' title='bbox 1213 2115 1352 2172; x_wconf 91' lang='lat' dir='ltr'><em>mittendi</em></span> 
     </span>
     <span class='ocr_line' id='line_1_18' title="bbox 174 2221 1352 2297; baseline -0.001 -18"><span class='ocrx_word' id='word_1_149' title='bbox 174 2222 310 2281; x_wconf 89' lang='lat' dir='ltr'><em>rationes</em></span> <span class='ocrx_word' id='word_1_150' title='bbox 334 2225 423 2297; x_wconf 92' lang='lat' dir='ltr'><em>puto;</em></span> <span class='ocrx_word' id='word_1_151' title='bbox 448 2240 541 2297; x_wconf 90' lang='lat' dir='ltr'><em>quare</em></span> <span class='ocrx_word' id='word_1_152' title='bbox 564 2222 653 2280; x_wconf 89' lang='lat' dir='ltr'><em>facile</em></span> <span class='ocrx_word' id='word_1_153' title='bbox 676 2222 743 2279; x_wconf 87' lang='lat' dir='ltr'><em>fieri</em></span> <span class='ocrx_word' id='word_1_154' title='bbox 759 2224 886 2297; x_wconf 87' lang='lat' dir='ltr'><em>poterat,</em></span> <span class='ocrx_word' id='word_1_155' title='bbox 912 2225 947 2279; x_wconf 93' lang='lat' dir='ltr'><em>ut</em></span> <span class='ocrx_word' id='word_1_156' title='bbox 963 2221 1113 2297; x_wconf 87' lang='lat' dir='ltr'><em>epistulae</em></span> <span class='ocrx_word' id='word_1_157' title='bbox 1130 2223 1185 2279; x_wconf 91' lang='lat' dir='ltr'><em>aut</em></span> <span class='ocrx_word' id='word_1_158' title='bbox 1201 2221 1352 2296; x_wconf 90' lang='lat' dir='ltr'><em>aliquam-</em></span> 
     </span>
     <span class='ocr_line' id='line_1_19' title="bbox 175 2329 1352 2404; baseline 0 -18"><span class='ocrx_word' id='word_1_159' title='bbox 175 2329 227 2387; x_wconf 89' lang='lat' dir='ltr'><em>diu</em></span> <span class='ocrx_word' id='word_1_160' title='bbox 242 2329 449 2398; x_wconf 86' lang='lat' dir='ltr'><em>retinerentur,</em></span> <span class='ocrx_word' id='word_1_161' title='bbox 472 2332 527 2387; x_wconf 90' lang='lat' dir='ltr'><em>aut</em></span> <span class='ocrx_word' id='word_1_162' title='bbox 543 2329 664 2386; x_wconf 93' lang='lat' dir='ltr'><em>omnino</em></span> <span class='ocrx_word' id='word_1_163' title='bbox 681 2330 916 2404; x_wconf 84' lang='lat' dir='ltr'><em>neglegerentur,</em></span> <span class='ocrx_word' id='word_1_164' title='bbox 935 2330 1022 2387; x_wconf 90' lang='lat' dir='ltr'><em>ouius</em></span> <span class='ocrx_word' id='word_1_165' title='bbox 1039 2329 1082 2386; x_wconf 90' lang='lat' dir='ltr'><em>rei</em></span> <span class='ocrx_word' id='word_1_166' title='bbox 1097 2346 1202 2387; x_wconf 85' lang='lat' dir='ltr'><em>verum</em></span> <span class='ocrx_word' id='word_1_167' title='bbox 1219 2345 1352 2402; x_wconf 86' lang='lat' dir='ltr'><em>cognos-</em></span> 
     </span>
     <span class='ocr_line' id='line_1_20' title="bbox 175 2434 1351 2511; baseline 0 -19"><span class='ocrx_word' id='word_1_168' title='bbox 175 2437 271 2493; x_wconf 85' lang='lat' dir='ltr'><em>cimus</em></span> <span class='ocrx_word' id='word_1_169' title='bbox 288 2435 458 2511; x_wconf 87' lang='lat' dir='ltr'><em>exemplum</em></span> <span class='ocrx_word' id='word_1_170' title='bbox 473 2436 521 2494; x_wconf 90' lang='lat' dir='ltr'><em>his</em></span> <span class='ocrx_word' id='word_1_171' title='bbox 537 2436 652 2494; x_wconf 84' lang='lat' dir='ltr'><em>verbis:</em></span> <span class='ocrx_word' id='word_1_172' title='bbox 676 2435 760 2494; x_wconf 90' lang='lat' dir='ltr'><em>Daas</em></span> <span class='ocrx_word' id='word_1_173' title='bbox 775 2436 939 2494; x_wconf 78' lang='grc'>1111111111</span> <span class='ocrx_word' id='word_1_174' title='bbox 961 2434 1057 2509; x_wconf 79' lang='lat' dir='ltr'><em>accepi</em></span> <span class='ocrx_word' id='word_1_175' title='bbox 1079 2435 1231 2508; x_wconf 82' lang='lat' dir='ltr'><em>epistulas:</em></span> <span class='ocrx_word' id='word_1_176' title='bbox 1253 2453 1351 2493; x_wconf 83' lang='lat' dir='ltr'><em>earam</em></span> 
     </span>
     <span class='ocr_line' id='line_1_21' title="bbox 174 2541 1353 2617; baseline 0.001 -17"><span class='ocrx_word' id='word_1_177' title='bbox 174 2542 294 2601; x_wconf 83' lang='lat' dir='ltr'><em>alterare</em></span> <span class='ocrx_word' id='word_1_178' title='bbox 314 2541 346 2600; x_wconf 86' lang='lat' dir='ltr'><em>ia</em></span> <span class='ocrx_word' id='word_1_179' title='bbox 368 2542 430 2617; x_wconf 74' lang='lat' dir='ltr'><em>apso</em></span> <span class='ocrx_word' id='word_1_180' title='bbox 454 2541 575 2601; x_wconf 82' lang='lat' dir='ltr'><em>discessu</em></span> <span class='ocrx_word' id='word_1_181' title='bbox 596 2546 702 2616; x_wconf 86' lang='lat' dir='ltr'><em>aestro,</em></span> <span class='ocrx_word' id='word_1_182' title='bbox 725 2542 844 2601; x_wconf 84' lang='lat' dir='ltr'><em>alterare</em></span> <span class='ocrx_word' id='word_1_183' title='bbox 867 2542 1000 2601; x_wconf 80' lang='lat' dir='ltr'><em>Arimino</em></span> <span class='ocrx_word' id='word_1_184' title='bbox 1023 2543 1134 2616; x_wconf 69' lang='lat' dir='ltr'><em>datare,</em></span> <span class='ocrx_word' id='word_1_185' title='bbox 1150 2543 1258 2616; x_wconf 83' lang='lat' dir='ltr'><em>plures,</em></span> <span class='ocrx_word' id='word_1_186' title='bbox 1282 2561 1353 2616; x_wconf 83' lang='lat' dir='ltr'><em>qaas</em></span> 
     </span>
     <span class='ocr_line' id='line_1_22' title="bbox 174 2647 1350 2726; baseline -0.002 -18"><span class='ocrx_word' id='word_1_187' title='bbox 174 2649 275 2708; x_wconf 76' lang='lat' dir='ltr'><em>scribis</em></span> <span class='ocrx_word' id='word_1_188' title='bbox 298 2653 324 2707; x_wconf 91' lang='lat' dir='ltr'><em>tc</em></span> <span class='ocrx_word' id='word_1_189' title='bbox 346 2649 460 2722; x_wconf 87' lang='lat' dir='ltr'><em>dedisse,</em></span> <span class='ocrx_word' id='word_1_190' title='bbox 490 2667 547 2709; x_wconf 84' lang='lat' dir='ltr'><em>aaa</em></span> <span class='ocrx_word' id='word_1_191' title='bbox 570 2667 732 2723; x_wconf 82' lang='lat' dir='ltr'><em>acceperam</em></span> <span class='ocrx_word' id='word_1_192' title='bbox 759 2647 1027 2726; x_wconf 75' lang='lat' dir='ltr'><em>(Qu.fr.1112,lt.</em></span> <span class='ocrx_word' id='word_1_193' title='bbox 1078 2649 1135 2719; x_wconf 91' lang='lat' dir='ltr'><em>Qui</em></span> <span class='ocrx_word' id='word_1_194' title='bbox 1173 2650 1251 2707; x_wconf 91' lang='lat' dir='ltr'><em>enim</em></span> <span class='ocrx_word' id='word_1_195' title='bbox 1282 2651 1350 2707; x_wconf 85' lang='lat' dir='ltr'><em>fieri</em></span> 
     </span>
     <span class='ocr_line' id='line_1_23' title="bbox 110 2756 1350 2832; baseline 0 -18"><span class='ocrx_word' id='word_1_196' title='bbox 110 2776 115 2786; x_wconf 90' lang='lat'><strong>·</strong></span> <span class='ocrx_word' id='word_1_197' title='bbox 173 2759 302 2830; x_wconf 89' lang='lat' dir='ltr'><em>poterat,</em></span> <span class='ocrx_word' id='word_1_198' title='bbox 329 2757 355 2813; x_wconf 90' lang='lat' dir='ltr'><em>si</em></span> <span class='ocrx_word' id='word_1_199' title='bbox 372 2757 501 2826; x_wconf 80' lang='lat' dir='ltr'><em>Quintus</em></span> <span class='ocrx_word' id='word_1_200' title='bbox 526 2757 643 2814; x_wconf 88' lang='lat' dir='ltr'><em>litteras</em></span> <span class='ocrx_word' id='word_1_201' title='bbox 668 2774 743 2814; x_wconf 89' lang='lat' dir='ltr'><em>suas</em></span> <span class='ocrx_word' id='word_1_202' title='bbox 766 2756 934 2814; x_wconf 87' lang='lat' dir='ltr'><em>tabellariis</em></span> <span class='ocrx_word' id='word_1_203' title='bbox 959 2756 1063 2814; x_wconf 90' lang='lat' dir='ltr'><em>statim</em></span> <span class='ocrx_word' id='word_1_204' title='bbox 1084 2757 1350 2832; x_wconf 84' lang='lat' dir='ltr'><em>proficiscentibus</em></span> 
     </span>
     <span class='ocr_line' id='line_1_24' title="bbox 173 2862 1349 2937; baseline 0.003 -19"><span class='ocrx_word' id='word_1_205' title='bbox 173 2862 358 2930; x_wconf 90' lang='lat' dir='ltr'><em>tradidisset,</em></span> <span class='ocrx_word' id='word_1_206' title='bbox 384 2865 420 2920; x_wconf 93' lang='lat' dir='ltr'><em>ut</em></span> <span class='ocrx_word' id='word_1_207' title='bbox 442 2862 554 2937; x_wconf 90' lang='lat' dir='ltr'><em>plures,</em></span> <span class='ocrx_word' id='word_1_208' title='bbox 580 2880 659 2937; x_wconf 88' lang='lat' dir='ltr'><em>quae</em></span> <span class='ocrx_word' id='word_1_209' title='bbox 683 2880 719 2919; x_wconf 89' lang='lat' dir='ltr'><em>ex</em></span> <span class='ocrx_word' id='word_1_210' title='bbox 742 2863 837 2920; x_wconf 85' lang='lat' dir='ltr'><em>variis</em></span> <span class='ocrx_word' id='word_1_211' title='bbox 869 2863 945 2920; x_wconf 87' lang='lat' dir='ltr'><em>locis</em></span> <span class='ocrx_word' id='word_1_212' title='bbox 976 2863 1117 2921; x_wconf 81' lang='lat' dir='ltr'><em>videntur</em></span> <span class='ocrx_word' id='word_1_213' title='bbox 1148 2864 1239 2920; x_wconf 90' lang='lat' dir='ltr'><em>datae</em></span> <span class='ocrx_word' id='word_1_214' title='bbox 1270 2880 1349 2932; x_wconf 92' lang='lat' dir='ltr'><em>esse,</em></span> 
     </span>
     <span class='ocr_line' id='line_1_25' title="bbox 172 2968 1351 3045; baseline 0.001 -20"><span class='ocrx_word' id='word_1_215' title='bbox 172 2969 286 3026; x_wconf 90' lang='lat' dir='ltr'><em>Romae</em></span> <span class='ocrx_word' id='word_1_216' title='bbox 310 2986 371 3026; x_wconf 93' lang='lat' dir='ltr'><em>non</em></span> <span class='ocrx_word' id='word_1_217' title='bbox 394 2968 610 3027; x_wconf 74' lang='lat' dir='ltr'><em>redderentur?</em></span> <span class='ocrx_word' id='word_1_218' title='bbox 664 2968 770 3044; x_wconf 88' lang='lat' dir='ltr'><em>ltaque</em></span> <span class='ocrx_word' id='word_1_219' title='bbox 801 2969 890 3027; x_wconf 87' lang='lat' dir='ltr'><em>facile</em></span> <span class='ocrx_word' id='word_1_220' title='bbox 921 2970 1113 3045; x_wconf 83' lang='lat' dir='ltr'><em>intellegitur,</em></span> <span class='ocrx_word' id='word_1_221' title='bbox 1146 2988 1199 3028; x_wconf 91' lang='lat' dir='ltr'><em>cur</em></span> <span class='ocrx_word' id='word_1_222' title='bbox 1229 2970 1351 3027; x_wconf 86' lang='lat' dir='ltr'><em>litterae</em></span> 
     </span>
     <span class='ocr_line' id='line_1_26' title="bbox 171 3073 824 3150; baseline 0.006 -20"><span class='ocrx_word' id='word_1_223' title='bbox 171 3073 327 3131; x_wconf 89' lang='lat' dir='ltr'><em>Placentia</em></span> <span class='ocrx_word' id='word_1_224' title='bbox 353 3092 421 3133; x_wconf 89' lang='lat' dir='ltr'><em>sero</em></span> <span class='ocrx_word' id='word_1_225' title='bbox 444 3075 571 3132; x_wconf 91' lang='lat' dir='ltr'><em>Romam</em></span> <span class='ocrx_word' id='word_1_226' title='bbox 595 3074 730 3150; x_wconf 89' lang='lat' dir='ltr'><em>perlatae</em></span> <span class='ocrx_word' id='word_1_227' title='bbox 755 3076 824 3134; x_wconf 92' lang='lat' dir='ltr'><em>sint.</em></span> 
     </span>
    </p>

    <p class='ocr_par' dir='ltr' id='par_1_4' title="bbox 170 3180 1350 4111">
     <span class='ocr_line' id='line_1_27' title="bbox 198 3180 1349 3268; baseline 0.005 -32"><span class='ocrx_word' id='word_1_228' title='bbox 198 3264 199 3268; x_wconf 6' lang='grc' dir='ltr'><strong>Ἰ</strong></span> <span class='ocrx_word' id='word_1_229' title='bbox 264 3180 398 3238; x_wconf 90' lang='lat' dir='ltr'><em>Alteram</em></span> <span class='ocrx_word' id='word_1_230' title='bbox 428 3182 577 3240; x_wconf 90' lang='lat' dir='ltr'><em>rationem</em></span> <span class='ocrx_word' id='word_1_231' title='bbox 607 3199 669 3239; x_wconf 95' lang='lat' dir='ltr'><em>non</em></span> <span class='ocrx_word' id='word_1_232' title='bbox 704 3183 804 3240; x_wconf 89' lang='lat' dir='ltr'><em>minus</em></span> <span class='ocrx_word' id='word_1_233' title='bbox 836 3184 1023 3258; x_wconf 88' lang='lat' dir='ltr'><em>probabilem</em></span> <span class='ocrx_word' id='word_1_234' title='bbox 1054 3184 1132 3241; x_wconf 90' lang='lat' dir='ltr'><em>hanc</em></span> <span class='ocrx_word' id='word_1_235' title='bbox 1163 3202 1231 3242; x_wconf 90' lang='lat' dir='ltr'><em>esse</em></span> <span class='ocrx_word' id='word_1_236' title='bbox 1263 3187 1349 3258; x_wconf 90' lang='lat' dir='ltr'><em>puto.</em></span> 
     </span>
     <span class='ocr_line' id='line_1_28' title="bbox 171 3286 1350 3364; baseline 0.002 -18"><span class='ocrx_word' id='word_1_237' title='bbox 171 3287 260 3357; x_wconf 90' lang='lat' dir='ltr'><em>Quod</em></span> <span class='ocrx_word' id='word_1_238' title='bbox 278 3288 380 3346; x_wconf 81' lang='lat' dir='ltr'><em>Cicero</em></span> <span class='ocrx_word' id='word_1_239' title='bbox 398 3289 533 3363; x_wconf 88' lang='lat' dir='ltr'><em>scripsit:</em></span> <span class='ocrx_word' id='word_1_240' title='bbox 557 3286 592 3346; x_wconf 85' lang='grc' dir='ltr'><em>Α.</em></span> <span class='ocrx_word' id='word_1_241' title='bbox 609 3287 636 3346; x_wconf 90' lang='lat' dir='ltr'><em>d.</em></span> <span class='ocrx_word' id='word_1_242' title='bbox 652 3287 706 3347; x_wconf 85' lang='lat' dir='ltr'><em>IV.</em></span> <span class='ocrx_word' id='word_1_243' title='bbox 723 3289 799 3348; x_wconf 86' lang='lat' dir='ltr'><em>Noa.</em></span> <span class='ocrx_word' id='word_1_244' title='bbox 816 3289 891 3363; x_wconf 82' lang='lat' dir='ltr'><em>Iac,</em></span> <span class='ocrx_word' id='word_1_245' title='bbox 912 3307 965 3364; x_wconf 84' lang='lat' dir='ltr'><em>qao</em></span> <span class='ocrx_word' id='word_1_246' title='bbox 981 3289 1106 3348; x_wconf 84' lang='lat' dir='ltr'><em>Roaiam</em></span> <span class='ocrx_word' id='word_1_247' title='bbox 1120 3290 1193 3362; x_wconf 87' lang='lat' dir='ltr'><em>aeai,</em></span> <span class='ocrx_word' id='word_1_248' title='bbox 1216 3290 1350 3364; x_wconf 86' lang='lat' dir='ltr'><em>accepi,</em></span> 
     </span>
     <span class='ocr_line' id='line_1_29' title="bbox 172 3393 1349 3473; baseline 0.003 -22"><span class='ocrx_word' id='word_1_249' title='bbox 172 3397 235 3452; x_wconf 87' lang='lat' dir='ltr'><em>taas</em></span> <span class='ocrx_word' id='word_1_250' title='bbox 251 3393 360 3452; x_wconf 88' lang='lat' dir='ltr'><em>litteras</em></span> <span class='ocrx_word' id='word_1_251' title='bbox 375 3394 457 3452; x_wconf 89' lang='lat' dir='ltr'><em>datas</em></span> <span class='ocrx_word' id='word_1_252' title='bbox 468 3394 624 3467; x_wconf 82' lang='lat' dir='ltr'><em>Placentia,</em></span> <span class='ocrx_word' id='word_1_253' title='bbox 640 3414 701 3454; x_wconf 92' lang='lat' dir='ltr'><em>non</em></span> <span class='ocrx_word' id='word_1_254' title='bbox 718 3397 860 3471; x_wconf 82' lang='lat' dir='ltr'><em>cogimur,</em></span> <span class='ocrx_word' id='word_1_255' title='bbox 879 3399 914 3454; x_wconf 92' lang='lat' dir='ltr'><em>ut</em></span> <span class='ocrx_word' id='word_1_256' title='bbox 929 3398 1158 3473; x_wconf 89' lang='lat' dir='ltr'><em>interpretemur</em></span> <span class='ocrx_word' id='word_1_257' title='bbox 1170 3397 1349 3455; x_wconf 89' lang='lat' dir='ltr'><em>tabellarios</em></span> 
     </span>
     <span class='ocr_line' id='line_1_30' title="bbox 172 3501 1349 3578; baseline 0.003 -20"><span class='ocrx_word' id='word_1_258' title='bbox 172 3518 207 3558; x_wconf 91' lang='lat' dir='ltr'><em>eo</em></span> <span class='ocrx_word' id='word_1_259' title='bbox 239 3501 307 3574; x_wconf 91' lang='lat' dir='ltr'><em>ipso</em></span> <span class='ocrx_word' id='word_1_260' title='bbox 339 3501 386 3558; x_wconf 91' lang='lat' dir='ltr'><em>die</em></span> <span class='ocrx_word' id='word_1_261' title='bbox 420 3502 596 3570; x_wconf 88' lang='lat' dir='ltr'><em>advenisse,</em></span> <span class='ocrx_word' id='word_1_262' title='bbox 630 3503 685 3560; x_wconf 90' lang='lat' dir='ltr'><em>sed</em></span> <span class='ocrx_word' id='word_1_263' title='bbox 716 3504 829 3578; x_wconf 90' lang='lat' dir='ltr'><em>optime</em></span> <span class='ocrx_word' id='word_1_264' title='bbox 860 3504 981 3562; x_wconf 85' lang='lat' dir='ltr'><em>videtur</em></span> <span class='ocrx_word' id='word_1_265' title='bbox 1011 3504 1162 3562; x_wconf 88' lang='lat' dir='ltr'><em>sententia</em></span> <span class='ocrx_word' id='word_1_266' title='bbox 1194 3508 1284 3570; x_wconf 91' lang='lat' dir='ltr'><em>stare,</em></span> <span class='ocrx_word' id='word_1_267' title='bbox 1321 3505 1349 3562; x_wconf 89' lang='lat' dir='ltr'><em>si</em></span> 
     </span>
     <span class='ocr_line' id='line_1_31' title="bbox 170 3607 1348 3685; baseline 0.002 -21"><span class='ocrx_word' id='word_1_268' title='bbox 170 3607 305 3664; x_wconf 92' lang='lat' dir='ltr'><em>Marcum</em></span> <span class='ocrx_word' id='word_1_269' title='bbox 337 3624 389 3664; x_wconf 90' lang='lat' dir='ltr'><em>eas</em></span> <span class='ocrx_word' id='word_1_270' title='bbox 412 3610 487 3677; x_wconf 87' lang='lat' dir='ltr'><em>turn,</em></span> <span class='ocrx_word' id='word_1_271' title='bbox 521 3625 588 3665; x_wconf 91' lang='lat' dir='ltr'><em>cum</em></span> <span class='ocrx_word' id='word_1_272' title='bbox 612 3610 705 3678; x_wconf 89' lang='lat' dir='ltr'><em>venit,</em></span> <span class='ocrx_word' id='word_1_273' title='bbox 739 3628 759 3666; x_wconf 92' lang='lat' dir='ltr'><em>a</em></span> <span class='ocrx_word' id='word_1_274' title='bbox 781 3610 957 3668; x_wconf 90' lang='lat' dir='ltr'><em>domesticis</em></span> <span class='ocrx_word' id='word_1_275' title='bbox 989 3611 1145 3685; x_wconf 89' lang='lat' dir='ltr'><em>accepisse</em></span> <span class='ocrx_word' id='word_1_276' title='bbox 1173 3610 1348 3684; x_wconf 69' lang='lat' dir='ltr'><em>opinamur,</em></span> 
     </span>
     <span class='ocr_line' id='line_1_32' title="bbox 171 3715 1347 3791; baseline 0.002 -19"><span class='ocrx_word' id='word_1_277' title='bbox 171 3717 263 3772; x_wconf 90' lang='lat' dir='ltr'><em>antea</em></span> <span class='ocrx_word' id='word_1_278' title='bbox 286 3715 364 3771; x_wconf 89' lang='lat' dir='ltr'><em>enim</em></span> <span class='ocrx_word' id='word_1_279' title='bbox 388 3733 407 3772; x_wconf 92' lang='lat' dir='ltr'><em>a</em></span> <span class='ocrx_word' id='word_1_280' title='bbox 429 3715 597 3773; x_wconf 90' lang='lat' dir='ltr'><em>tabellariis</em></span> <span class='ocrx_word' id='word_1_281' title='bbox 622 3716 766 3785; x_wconf 90' lang='lat' dir='ltr'><em>redditas,</em></span> <span class='ocrx_word' id='word_1_282' title='bbox 800 3734 819 3773; x_wconf 91' lang='lat' dir='ltr'><em>a</em></span> <span class='ocrx_word' id='word_1_283' title='bbox 842 3716 1018 3774; x_wconf 90' lang='lat' dir='ltr'><em>domesticis</em></span> <span class='ocrx_word' id='word_1_284' title='bbox 1050 3719 1152 3774; x_wconf 90' lang='lat' dir='ltr'><em>autem</em></span> <span class='ocrx_word' id='word_1_285' title='bbox 1184 3734 1282 3791; x_wconf 92' lang='lat' dir='ltr'><em>usque</em></span> <span class='ocrx_word' id='word_1_286' title='bbox 1307 3718 1347 3774; x_wconf 95' lang='lat' dir='ltr'><em>ad</em></span> 
     </span>
     <span class='ocr_line' id='line_1_33' title="bbox 171 3821 1345 3898; baseline 0.002 -20"><span class='ocrx_word' id='word_1_287' title='bbox 171 3821 321 3879; x_wconf 78' lang='lat' dir='ltr'><em>Ciceronis</em></span> <span class='ocrx_word' id='word_1_288' title='bbox 353 3822 517 3879; x_wconf 88' lang='lat' dir='ltr'><em>adventurn</em></span> <span class='ocrx_word' id='word_1_289' title='bbox 549 3825 683 3880; x_wconf 89' lang='lat' dir='ltr'><em>retentas</em></span> <span class='ocrx_word' id='word_1_290' title='bbox 716 3841 770 3881; x_wconf 88' lang='lat' dir='ltr'><em>eas</em></span> <span class='ocrx_word' id='word_1_291' title='bbox 802 3841 871 3881; x_wconf 86' lang='lat' dir='ltr'><em>esse</em></span> <span class='ocrx_word' id='word_1_292' title='bbox 903 3823 1042 3880; x_wconf 90' lang='lat' dir='ltr'><em>credibile</em></span> <span class='ocrx_word' id='word_1_293' title='bbox 1075 3828 1130 3893; x_wconf 89' lang='lat' dir='ltr'><em>est,</em></span> <span class='ocrx_word' id='word_1_294' title='bbox 1165 3825 1230 3882; x_wconf 92' lang='lat' dir='ltr'><em>sive</em></span> <span class='ocrx_word' id='word_1_295' title='bbox 1263 3825 1345 3898; x_wconf 93' lang='lat' dir='ltr'><em>quod</em></span> 
     </span>
     <span class='ocr_line' id='line_1_34' title="bbox 170 3926 1347 4003; baseline 0.003 -19"><span class='ocrx_word' id='word_1_296' title='bbox 170 3927 330 3996; x_wconf 90' lang='lat' dir='ltr'><em>tabellarii,</em></span> <span class='ocrx_word' id='word_1_297' title='bbox 354 3926 417 4003; x_wconf 68' lang='lat' dir='ltr'><em>‘qui</em></span> <span class='ocrx_word' id='word_1_298' title='bbox 440 3929 471 3985; x_wconf 92' lang='lat' dir='ltr'><em>in</em></span> <span class='ocrx_word' id='word_1_299' title='bbox 494 3929 586 3987; x_wconf 86' lang='lat' dir='ltr'><em>villas</em></span> <span class='ocrx_word' id='word_1_300' title='bbox 612 3929 778 4003; x_wconf 81' lang='lat' dir='ltr'><em>perterrent</em></span> <span class='ocrx_word' id='word_1_301' title='bbox 799 3929 927 3998; x_wconf 90' lang='lat' dir='ltr'><em>litteras,</em></span> <span class='ocrx_word' id='word_1_302' title='bbox 961 3930 998 3988; x_wconf 92' lang='lat' dir='ltr'><em>iis</em></span> <span class='ocrx_word' id='word_1_303' title='bbox 1030 3931 1245 3997; x_wconf 78' lang='lat' dir='ltr'><em>nominarunt,</em></span> <span class='ocrx_word' id='word_1_304' title='bbox 1280 3931 1347 3988; x_wconf 91' lang='lat' dir='ltr'><em>sive</em></span> 
     </span>
     <span class='ocr_line' id='line_1_35' title="bbox 171 4034 1193 4111; baseline 0.004 -21"><span class='ocrx_word' id='word_1_305' title='bbox 171 4034 253 4109; x_wconf 92' lang='lat' dir='ltr'><em>quod</em></span> <span class='ocrx_word' id='word_1_306' title='bbox 277 4035 313 4091; x_wconf 90' lang='lat' dir='ltr'><em>de</em></span> <span class='ocrx_word' id='word_1_307' title='bbox 337 4035 474 4111; x_wconf 86' lang='lat' dir='ltr'><em>proximo</em></span> <span class='ocrx_word' id='word_1_308' title='bbox 500 4034 650 4093; x_wconf 83' lang='lat' dir='ltr'><em>Ciceronis</em></span> <span class='ocrx_word' id='word_1_309' title='bbox 675 4036 809 4093; x_wconf 89' lang='lat' dir='ltr'><em>adventu</em></span> <span class='ocrx_word' id='word_1_310' title='bbox 834 4037 977 4095; x_wconf 88' lang='lat' dir='ltr'><em>certiores</em></span> <span class='ocrx_word' id='word_1_311' title='bbox 1001 4038 1076 4095; x_wconf 90' lang='lat' dir='ltr'><em>facti</em></span> <span class='ocrx_word' id='word_1_312' title='bbox 1100 4041 1193 4096; x_wconf 90' lang='lat' dir='ltr'><em>erant.</em></span> 
     </span>
    </p>

    <p class='ocr_par' dir='ltr' id='par_1_5' title="bbox 148 4141 1345 4326">
     <span class='ocr_line' id='line_1_36' title="bbox 148 4141 1345 4221; baseline 0.005 -25"><span class='ocrx_word' id='word_1_313' title='bbox 148 4198 150 4202; x_wconf 78' lang='grc'>,</span> <span class='ocrx_word' id='word_1_314' title='bbox 259 4141 354 4216; x_wconf 92' lang='lat' dir='ltr'><em>Atqui</em></span> <span class='ocrx_word' id='word_1_315' title='bbox 377 4141 425 4198; x_wconf 91' lang='lat' dir='ltr'><em>his</em></span> <span class='ocrx_word' id='word_1_316' title='bbox 449 4141 569 4198; x_wconf 90' lang='lat' dir='ltr'><em>duabus</em></span> <span class='ocrx_word' id='word_1_317' title='bbox 593 4143 775 4210; x_wconf 71' lang='lat' dir='ltr'><em>rationibus</em></span> <span class='ocrx_word' id='word_1_318' title='bbox 808 4161 861 4201; x_wconf 90' lang='lat' dir='ltr'><em>cur</em></span> <span class='ocrx_word' id='word_1_319' title='bbox 885 4144 1035 4221; x_wconf 90' lang='lat' dir='ltr'><em>epistulae</em></span> <span class='ocrx_word' id='word_1_320' title='bbox 1065 4147 1094 4201; x_wconf 90' lang='grc'><em>11</em></span> <span class='ocrx_word' id='word_1_321' title='bbox 1125 4161 1192 4202; x_wconf 82' lang='grc'>1111</span> <span class='ocrx_word' id='word_1_322' title='bbox 1215 4144 1345 4202; x_wconf 90' lang='lat' dir='ltr'><em>Romam</em></span> 
     </span>
     <span class='ocr_line' id='line_1_37' title="bbox 170 4246 1344 4326; baseline 0.003 -22"><span class='ocrx_word' id='word_1_323' title='bbox 170 4246 306 4320; x_wconf 87' lang='lat' dir='ltr'><em>perlatae</em></span> <span class='ocrx_word' id='word_1_324' title='bbox 339 4249 369 4305; x_wconf 89' lang='lat' dir='ltr'><em>et</em></span> <span class='ocrx_word' id='word_1_325' title='bbox 400 4265 468 4305; x_wconf 91' lang='lat' dir='ltr'><em>sero</em></span> <span class='ocrx_word' id='word_1_326' title='bbox 492 4266 512 4305; x_wconf 90' lang='grc'><em>1</em></span> <span class='ocrx_word' id='word_1_327' title='bbox 535 4248 636 4306; x_wconf 91' lang='lat' dir='ltr'><em>Marco</em></span> <span class='ocrx_word' id='word_1_328' title='bbox 669 4252 813 4324; x_wconf 90' lang='lat' dir='ltr'><em>acceptae</em></span> <span class='ocrx_word' id='word_1_329' title='bbox 845 4250 915 4320; x_wconf 87' lang='lat' dir='ltr'><em>sint,</em></span> <span class='ocrx_word' id='word_1_330' title='bbox 949 4251 1027 4309; x_wconf 88' lang='lat' dir='ltr'><em>satis</em></span> <span class='ocrx_word' id='word_1_331' title='bbox 1059 4251 1241 4326; x_wconf 65' lang='lat' dir='ltr'><em>explicatum</em></span> <span class='ocrx_word' id='word_1_332' title='bbox 1274 4269 1344 4326; x_wconf 86' lang='lat' dir='ltr'><em>ergo</em></span> 
     </span>
    </p>
   </div>
   <div class='ocr_carea' id='block_1_4' title="bbox 0 0 1490 4822">
    <p class='ocr_par' dir='ltr' id='par_1_6' title="bbox 0 0 1490 4822">
     <span class='ocr_line' id='line_1_38' title="bbox 0 0 1490 4822; baseline 0 2"><span class='ocrx_word' id='word_1_333' title='bbox 0 0 1490 4822; x_wconf 95' lang='lat' dir='ltr'><em> </em></span> 
     </span>
    </p>
   </div>
  </div>
 </body>
</html>
