2970 4822
712 1086 814 1165 Pars.
842 1086 877 1164 ll.

203 1247 248 1344 lle
284 1245 402 1368 priuis
443 1245 595 1367 epistulis
636 1274 658 1342 e
694 1244 804 1344 lullie
841 1275 930 1344 aune
967 1275 999 1346 e.
1037 1245 1116 1346 lllr.
1149 1276 1183 1344 n.
1216 1245 1292 1346 ull.
1336 1247 1381 1345 cl

629 1386 825 1486 Trebatiun
858 1388 959 1488 lete.
1060 1496 1066 1507 ,

294 1553 409 1624 Quibus
440 1553 627 1627 temporibus
659 1553 790 1627 scriptae
822 1531 884 1610 sint
914 1552 1079 1628 epistulae,
1112 1571 1191 1629 quas
1214 1553 1252 1613 M.
1277 1553 1380 1613 Gioero

203 1661 316 1735 primas
348 1677 428 1718 anno
452 1677 479 1717 a.
504 1659 570 1719 Chr.
594 1677 621 1716 n.
645 1658 718 1718 LIV.
742 1659 782 1716 ad
805 1660 979 1718 Trebatium
1001 1659 1198 1730 familiarem,
1230 1660 1381 1718 iuriscon-

204 1767 328 1835 sultum,
354 1784 422 1824 oum
445 1767 472 1824 is
497 1766 578 1841 apud
602 1765 762 1824 Gaesarem
785 1766 816 1823 in
840 1766 940 1824 Gallia
963 1769 1062 1836 esset,
1093 1766 1192 1836 misit,
1217 1766 1275 1825 viri
1299 1767 1381 1825 docti

205 1873 380 1930 accuratius
403 1873 553 1947 inquirere
583 1872 634 1928 diu
657 1873 940 1946 praetermiserunt;
965 1873 1043 1931 satis
1059 1873 1232 1931 habuerunt
1246 1873 1380 1948 aliquam

205 1978 313 2037 saltem
344 1978 490 2052 temporis
521 1977 669 2035 rationem
700 1979 807 2045 rebuS,
840 1996 919 2053 quae
950 1979 981 2036 in
1013 1979 1153 2055 epistulis
1180 1979 1241 2037 illis
1264 1979 1377 2046 insunt,

204 2087 365 2154 detexisse,
392 2103 454 2161 qua
476 2102 508 2142 re
531 2085 646 2141 factum
670 2087 725 2152 est,
751 2087 787 2142 ut
809 2085 922 2160 Tyrrell
945 2087 976 2143 et
997 2085 1116 2154 Purser,
1143 2103 1210 2144 cum
1226 2085 1378 2144 Ciceronis

203 2192 353 2266 epistulas
377 2193 506 2259 ederent,
531 2192 606 2248 miro
631 2191 763 2266 quodam
784 2193 874 2251 modo
891 2210 944 2250 eas
960 2193 1038 2250 inter
1054 2196 1170 2251 ceteras
1186 2193 1380 2267 disponerent

204 2297 274 2376 (vol.
290 2298 335 2375 Il).
380 2298 578 2373 Primusque,
611 2302 758 2373 quantum
783 2300 863 2366 scio,
897 2298 1071 2372 diligentius
1095 2317 1157 2356 rem
1181 2299 1289 2357 deinde
1312 2316 1379 2374 per·

204 2408 361 2463 scrutatus
384 2409 433 2463 est
456 2405 604 2473 Koerner,
639 2406 691 2480 qui
713 2405 760 2463 vir
781 2405 870 2463 utin
895 2406 1002 2464 ceteris
1025 2407 1115 2464 rebus
1139 2405 1184 2464 ita
1206 2406 1238 2463 in
1260 2405 1309 2463 his
1332 2405 1379 2462 in-

203 2512 357 2588 quirendis
373 2512 530 2586 diligentia
545 2511 721 2570 necessaria
736 2529 814 2569 usus
835 2530 903 2570 esse
920 2512 991 2569 mihi
1008 2512 1128 2587 quidem
1143 2530 1205 2571 non
1221 2514 1269 2570 est
1283 2512 1379 2571 visne.

202 2619 306 2694 Neque
339 2619 407 2694 plus
438 2619 561 2676 luminis
586 2618 690 2675 attulit
712 2618 889 2688 Rauschen,
923 2619 976 2694 qui
998 2620 1064 2693 ipse
1088 2637 1210 2695 quoque
1232 2620 1380 2677 nonnulla

203 2727 239 2783 de
269 2727 308 2784 iis
332 2726 484 2784 disseruit.
531 2726 663 2796 Quorum
687 2725 856 2782 sententias
880 2725 937 2783 viri
960 2725 1041 2783 docti
1063 2726 1125 2784 fere
1149 2725 1246 2785 secuti
1271 2722 1377 2801 sonet.

202 2832 306 2908 Neque
329 2835 431 2889 tamen
455 2851 502 2890 res
527 2849 632 2889 omnes
649 2832 749 2889 claras
766 2850 835 2890 esse
851 2833 976 2892 docebo.
1010 2832 1110 2907 Atque
1126 2832 1157 2889 in
1172 2832 1221 2889 his
1238 2832 1378 2906 epistulis

202 2939 242 2997 ad
265 2939 439 2996 Trebatium
463 2940 544 2997 datis
568 2939 738 3013 singulares
762 2940 911 3014 quasdam
934 2939 1079 3014 temporis
1100 2938 1229 2997 rationis
1246 2938 1378 2996 difficul-

202 3046 283 3102 tates
307 3045 408 3102 inesse
431 3045 520 3103 facile
544 3046 685 3114 concedo,
719 3046 792 3121 quia
814 3063 862 3103 res
886 3046 1041 3119 publicae,
1075 3046 1185 3122 quibus
1209 3045 1255 3103 uti
1278 3046 1376 3112 liceat,
1462 3090 1465 3094 .

202 3169 263 3211 non
293 3155 497 3213 memorantur
519 3170 617 3227 neque
641 3153 776 3227 plurimis
800 3153 955 3227 adscripta
978 3155 1026 3211 est
1049 3152 1113 3210 dies
1142 3152 1214 3213 ulla
1260 3152 1374 3228 Itaque,

202 3259 229 3317 si
252 3259 334 3317 illam
357 3260 505 3318 rationem
529 3261 664 3318 statuere
687 3259 838 3328 volumus,
864 3277 900 3318 eo
924 3260 1098 3317 accuratius
1122 3277 1202 3335 quae
1225 3276 1378 3335 perpauca

202 3366 314 3424 indicia
344 3366 458 3436 insunt,
489 3385 526 3424 ea
548 3367 638 3425 nobis
661 3367 882 3442 perscrutanda
905 3369 985 3426 sunt.
1030 3368 1130 3440 Atque
1153 3365 1336 3441 incipiamus
1358 3383 1377 3422 a

202 3473 299 3547 prima
323 3473 464 3546 epistula.

539 3665 586 3745 A.
614 3666 672 3746 De
700 3666 884 3764 epistula
911 3665 1039 3747 V116.

289 3810 422 3867 Koemer
445 3811 555 3868 statuit
578 3811 741 3885 epistulam
758 3828 837 3887 quae
860 3813 908 3869 est
927 3811 998 3869 fam.
1015 3811 1067 3868 VH
1084 3811 1111 3869 6.
1129 3811 1258 3869 exeunte
1274 3827 1376 3867 mense

200 3916 281 4000 Maio
306 3914 344 3992 (p.
360 3916 518 3993 40-41p‚
544 3918 706 3975 Rauschen
734 3920 836 3975 autern
859 3917 954 3992 primo
977 3917 1030 3976 illo
1054 3934 1158 3974 mense
1181 3917 1285 3974 datam
1309 3933 1377 3975 esse

200 4021 239 4099 (p.
257 4022 325 4101 52t3
349 4026 429 4080 reete
451 4024 593 4082 viderunt
615 4024 687 4082 usui
710 4041 779 4082 esse
803 4025 913 4082 verba:
941 4022 978 4082 In
1002 4022 1128 4083 omnuim
1149 4020 1219 4081 meis
1241 4020 1377 4096 cpmtutta

200 4144 415 4153 .—

290 4195 310 4264 1)
329 4195 360 4248 1..
379 4195 576 4260 Mendelsohn,
602 4196 639 4250 M.
663 4195 737 4250 uulu
755 4195 896 4251 Ciceronis
921 4195 1104 4266 epistudarum
1122 4193 1185 4249 libri
1201 4192 1275 4251 XVI.
1295 4193 1376 4261 lesu

199 4284 229 4340 (l.
248 4283 279 4339 li.
297 4283 341 4341 W.
360 4284 483 4349 Mueller,
502 4301 575 4355 pars,
594 4284 633 4338 111
651 4284 706 4340 vol.
726 4284 750 4339 1.
