2970 4822
639 325 861 382 „27-

157 499 220 557 iam
245 517 355 557 munus
379 500 474 558 inisse
497 500 562 559 sine
587 502 725 576 collega?
756 503 851 579 Atqui
874 522 972 579 neque
995 506 1086 563 rebus
1102 506 1232 580 publicis
1249 511 1339 566 tanta

158 607 359 675 comitiorum,
385 607 490 665 dilatio
515 609 668 683 quomodo
691 609 779 666 iacta
806 611 859 680 sit,
877 611 1020 685 explicari
1043 587 1147 686 potest
1177 632 1275 689 neque
1300 633 1338 672 ex

157 714 310 772 Ciceronis
327 715 464 772 oratione
481 715 648 791 quidquam
672 716 708 773 de
731 734 768 774 ea
784 719 990 793 cognoscitur;
1014 723 1085 794 ergo
1102 721 1225 778 comitia
1240 722 1336 795 primo

157 838 240 879 anno
264 821 371 878 habita
394 839 462 880 esse
487 822 728 881 concludendum
752 827 807 884 cst.

267 928 334 997 Qua
367 946 399 986 re
434 914 532 987 altera
563 930 653 988 nobis
688 931 807 1006 reliqua
843 934 890 989 est
924 933 1018 1000 ratio,
1055 952 1117 1008 qua
1152 935 1335 993 coniecimus

157 1035 315 1093 Plancium
346 1036 442 1109 primo
475 1053 564 1104 anuo,
602 1055 670 1094 cum
702 1038 811 1097 aedilis
843 1041 964 1096 creatus
1000 1043 1091 1108 esset,
1129 1059 1148 1098 a
1179 1041 1335 1100 laterensi

157 1145 338 1200 accusatum
390 1142 594 1218 iudiciumque
648 1144 713 1201 eius
760 1162 858 1219 usque
904 1146 943 1203 ad
990 1149 1155 1205 extremum
1202 1166 1336 1206 mensem

157 1249 303 1308 Sextilem
327 1249 454 1306 dilatum
478 1267 555 1308 esse.
595 1251 677 1321 Quae
701 1252 855 1309 sententia
870 1255 1034 1327 propterea
1057 1254 1157 1312 minus
1176 1256 1335 1330 probanda

157 1358 216 1423 est,
242 1356 323 1431 quod
347 1373 445 1414 causa
465 1356 562 1414 fuisse
585 1375 647 1415 non
669 1358 799 1426 videtur,
826 1375 878 1415 cur
901 1377 953 1432 per
974 1362 1093 1417 tantum
1109 1363 1230 1436 tempus
1254 1363 1334 1419 iudi·

156 1462 237 1520 cium
267 1463 526 1530 intermitteretur,
564 1482 750 1539 quamquam
789 1468 820 1522 et
849 1466 1083 1538 magistratuum
1116 1471 1146 1525 et
1178 1469 1333 1527 hominum

155 1569 364 1627 Romanorum
393 1571 542 1629 interesse
566 1571 697 1630 debebat
720 1573 836 1630 aediles
861 1573 981 1631 curules
1014 1577 1084 1631 ante
1115 1575 1205 1632 ludos
1229 1576 1355 1654 Mega-4

155 1675 267 1745 lenses,
294 1677 345 1753 qui
360 1677 484 1735 fuerunt
499 1696 601 1736 meuse
617 1679 722 1754 Aprili,
748 1696 860 1736 munus
876 1680 960 1748 inire,
987 1698 1084 1754 neque
1100 1681 1174 1738 inire
1190 1684 1333 1757 poterant
1411 1658 1413 1663 ,

158 1783 220 1840 nisi
250 1801 344 1842 causa
376 1785 457 1842 iudic
479 1787 520 1842 ta.
566 1785 621 1842 His
653 1786 795 1843 omnibus
828 1787 919 1844 rebus
952 1786 1131 1856 inducimur,
1162 1790 1198 1845 ut
1226 1786 1332 1847 Planci

158 1889 304 1948 iudicium
325 1892 420 1967 primo
445 1909 526 1949 anno
549 1892 646 1951 fuisse
671 1910 861 1954 censeamus.
945 1917 947 1921 ¹

250 1996 529 2074 Gravissimumquc
564 1975 774 2073 argumentum
809 2001 867 2057 hoc
902 2003 957 2059 est.
1013 2000 1120 2058 Mirum
1156 2002 1247 2059 enim·
1274 2007 1330 2071 est,

156 2104 239 2179 quod
263 2103 363 2163 Cicero
391 2106 422 2162 iu
445 2105 530 2163 nulla
554 2106 694 2181 epistula,
728 2125 806 2181 quas
837 2107 993 2166 mensibus
1018 2108 1140 2178 Quintili
1164 2109 1332 2184 Sextilique

154 2210 196 2268 ad
219 2211 356 2268 Atticum
386 2216 441 2270 aut
471 2213 510 2270 ad
543 2213 666 2270 fratrem
701 2214 792 2281 misit,
830 2214 996 2289 quidquam
1032 2215 1069 2272 de
1099 2215 1203 2273 Planci
1236 2233 1334 2274 causa

153 2319 344 2386 memoravit,
378 2337 563 2395 quamquam
586 2338 624 2378 ea
646 2338 694 2377 res
718 2321 949 2378 familiarissimi
973 2322 1030 2388 sui,
1061 2322 1148 2379 cuius
1172 2323 1209 2380 de
1232 2323 1332 2397 ipsius

154 2424 256 2482 salute
287 2427 395 2487 merita
424 2427 455 2483 in
487 2428 625 2485 oratione
649 2427 812 2512 identidem
835 2427 982 2496 laudavit,
1015 2428 1117 2485 Marco
1147 2430 1333 2504 gravissima

153 2534 223 2589 erat
252 2533 425 2609 meutioque
458 2533 524 2591 eius
556 2536 587 2591 et
610 2535 711 2592 Attico
745 2537 776 2591 et
804 2535 892 2592 fratri
922 2537 1001 2592 certe
1026 2538 1115 2608 grata
1141 2536 1264 2605 fuisset;
1299 2539 1333 2594 at

154 2637 285 2696 aliorum
315 2639 495 2698 iudiciorum
526 2642 626 2698 minus
657 2641 796 2714 gravium
829 2644 1004 2699 accuratam
1036 2642 1109 2699 fecit
1139 2643 1330 2701 mentionem.

153 2744 320 2804 Videamus
338 2748 425 2816 enim,
444 2765 523 2822 quae
539 2749 578 2805 ad
595 2749 728 2805 Atticum
745 2749 826 2805 circa
840 2748 906 2805 Kal.
924 2749 1023 2818 Quint.
1041 2749 1195 2822 scripserit
1210 2747 1329 2830 (lVld).

151 2853 254 2928 Atque
290 2854 404 2928 scripta
438 2854 577 2912 videmus
614 2856 741 2929 copiosa
777 2856 813 2912 de
849 2854 878 2913 C.
908 2854 1036 2924 Catone,
1074 2856 1110 2912 de
1141 2856 1255 2925 Druso,
1293 2857 1330 2914 de

153 2959 284 3017 Procilio
313 2959 348 3038 (c.
371 2960 410 3037 5),
444 2962 481 3020 de
512 2961 641 3035 singulis
673 2963 847 3020 candidatis
880 2962 1093 3020 consularibus
1118 2963 1152 3042 (c.
1170 2955 1329 3046 6[17‚2)).

152 3067 327 3125 Proximam
360 3069 444 3126 misit
478 3069 517 3125 ad
548 3071 681 3127 Atticum
713 3069 877 3144 epistulam
908 3072 1038 3127 exeunte
1071 3088 1173 3128 mense
1205 3070 1330 3141 Quintili

153 3172 278 3250 (IV15),
307 3175 339 3232 in
369 3194 431 3251 qua
461 3177 603 3252 deinceps
635 3177 781 3251 scriptum
812 3179 861 3234 est
883 3176 920 3234 de
944 3176 974 3234 Ο.
1000 3177 1114 3234 Catone
1146 3179 1177 3234 et
1198 3177 1329 3234 Procilio

153 3279 190 3357 (c.
209 3278 249 3358 4),
286 3282 323 3340 de
354 3282 552 3341 Reatinorum
582 3285 672 3340 rebus
697 3283 732 3359 (c.
756 3281 795 3359 5),
834 3283 869 3339 dc
901 3283 1009 3339 Fontei
1041 3300 1137 3340 causa
1161 3280 1199 3359 (c,
1216 3282 1255 3359 7),
1293 3284 1329 3340 de

153 3387 386 3447 candidatorum
406 3390 612 3460 consularium
629 3391 745 3447 ambitu
763 3387 797 3465 (c.
815 3386 855 3464 7),
881 3389 917 3446 de
933 3389 1027 3446 Messi
1044 3388 1217 3447 defensione
1235 3388 1268 3467 (c.
1287 3388 1327 3466 9).

152 3497 308 3569 postremo
332 3497 402 3554 hoc:
433 3495 543 3555 Deinde
572 3514 616 3554 mc
645 3495 762 3569 cupedia
794 3495 833 3554 od
855 3494 994 3567 Dama,
1025 3494 1090 3554 aaa
1120 3495 1158 3554 od
1180 3494 1328 3554 Sauram.

151 3600 303 3661 Paraotur
326 3603 500 3662 mationibus
514 3603 620 3662 iudices
634 3603 760 3678 plortosa'.
791 3602 926 3661 Fortasse
948 3602 1075 3660 accedent
1098 3602 1182 3661 etium
1205 3603 1329 3662 causales

151 3707 306 3784 dempoth
329 3711 360 3769 tu
382 3711 481 3784 quibas
503 3709 673 3770 rideamus
694 3729 751 3769 noa
774 3709 872 3782 suerit,
898 3708 929 3767 iu
948 3709 1000 3767 tec
1022 3709 1128 3768 iudicio
1154 3708 1231 3768 ualde
1254 3709 1328 3767 labo-

150 3815 230 3874 ralu't
253 3815 287 3893 (c.
305 3817 343 3894 9).
383 3818 437 3876 His
462 3819 564 3876 Cicero
587 3819 654 3894 ipse
678 3818 859 3875 iudiciorum
884 3816 1016 3874 ordinem
1040 3816 1185 3891 temporis
1209 3816 1327 3874 ratione

150 3923 328 3982 institutum
344 3926 487 4000 proponit
502 3943 600 4000 neque
616 3925 721 3982 Planci
739 3942 864 3982 causam
889 3923 950 3981 ullo
967 3925 1061 3980 verbo
1078 3925 1232 3981 memorat.
1262 3923 1328 3992 Qua

151 4031 270 4088 ratione
293 4033 350 4089 viri
375 4032 456 4089 docti
476 4032 554 4089 hanc
576 4031 786 4089 difficultatem
811 4030 1025 4105 expediverint,
1052 4030 1190 4105 equidem
1214 4030 1326 4088 nescio.

243 4138 436 4213 Eundemque
465 4139 599 4196 ordinem
622 4140 654 4196 in
678 4138 820 4214 epistula,
854 4156 945 4214 quam
979 4138 1017 4194 ad
1048 4138 1172 4194 fratrem
1196 4153 1222 4194 a.
1236 4136 1262 4194 d.
1279 4136 1327 4195 XI.

151 4243 219 4302 Kal.
245 4245 325 4321 Sept.
358 4245 441 4303 misit
471 4241 590 4325 (1115),
623 4246 803 4304 invenimus.
856 4245 992 4302 Primum
1021 4247 1206 4302 memoratur
1235 4244 1325 4300 Drusi

206 4352 318 4410 Kapelle.
1131 4345 1149 4399 3
