2970 4822
638 354 861 411 -23-

152 528 350 588 inservientem
381 529 522 588 comneni
548 529 683 604 dipnitnti
713 531 747 607 (c.
767 530 795 608 1)
821 531 1022 607 Caesarisque
1050 532 1191 590 laudibus
1216 533 1335 606 praedi-

153 637 233 694 catis
259 633 293 712 (c.
313 634 407 712 1-2)
431 637 554 694 fratrem
577 638 706 696 monuit:
735 637 817 696 rnodo
839 638 912 696 rnilrr'
933 637 997 696 dete
1019 638 1221 711 Britanniam,
1252 656 1338 713 qnern

147 743 271 818 pinnen
302 742 441 802 coloribus
463 743 533 816 tnr's,
552 743 689 816 penicillo
711 762 770 802 rneo
795 741 829 822 (ο.
848 743 886 821 2).
933 745 1005 815 Quis
1029 746 1077 802 his
1102 746 1242 804 omnibus
1266 764 1334 820 per-

152 851 330 908 missionem
354 850 523 908 mansionis
547 851 625 909 elare
649 852 814 925 significari
838 853 985 925 negabit?
1025 854 1213 927 Quapropter
1237 870 1337 910 errare

151 958 295 1016 videntur
317 957 417 1032 Tyrell
441 960 472 1014 et
486 958 606 1026 Purser,
632 959 683 1034 qui
704 977 770 1016 eam
787 960 991 1034 significatam
1008 977 1077 1017 esse
1093 959 1225 1033 epistula
1240 959 1266 1016 Π
1285 959 1335 1017 14.

152 1061 373 1141 putaveruntll,
399 1065 429 1121 id
454 1065 535 1140 quod
560 1066 651 1122 etiam
671 1066 815 1140 temporis
832 1067 949 1124 ratione
965 1067 1069 1124 nescio
1087 1085 1126 1124 an
1142 1067 1335 1140 improbetur.

152 1174 226 1231 Tres
258 1173 337 1230 enim
368 1173 438 1231 illae
471 1174 621 1249 epistulae
645 1193 708 1232 una
731 1175 762 1232 in
784 1175 924 1249 Arpinati
948 1177 1091 1250 acceptae
1116 1176 1213 1240 certe,
1247 1175 1334 1230 ante-

153 1298 247 1356 quam
270 1281 410 1355 proxima
426 1278 475 1356 (ΙΙΙ
495 1281 520 1349 l,
539 1280 588 1357 13)
606 1300 633 1339 a.
651 1281 677 1339 d.
693 1282 741 1339 IV.
758 1282 830 1338 Idus
848 1282 978 1340 Sextiles
996 1300 1011 1339 e
1027 1281 1185 1338 Britannia
1201 1281 1333 1348 daretur,

152 1407 174 1445 a
205 1388 316 1458 Quinto
348 1387 461 1445 missae
494 1391 586 1446 erant.
633 1389 727 1463 Atqui
754 1389 848 1446 Marci
879 1389 1013 1463 epistula
1036 1389 1130 1446 1114.
1161 1391 1233 1461 post
1262 1386 1334 1444 ldus

152 1495 301 1566 Quintiles
327 1494 360 1571 (e.
378 1493 418 1571 4),
445 1497 578 1552 extremo
603 1493 740 1572 mense‘ll,
767 1496 882 1571 scripta
897 1501 960 1564 est;
985 1513 1065 1569 ergo,
1091 1512 1159 1552 cum
1175 1497 1245 1551 ante
1262 1494 1336 1550 Idus

154 1602 287 1659 Sextiles
309 1602 341 1658 iu
357 1601 517 1659 Britannia
540 1603 592 1658 vix
615 1602 735 1660 reddita
758 1621 827 1660 esse
850 1602 1003 1670 videatur,
1028 1602 1095 1659 fieri
1118 1619 1178 1658 non
1202 1603 1332 1676 poterat,

152 1711 190 1766 ut
213 1709 342 1779 Quintus
374 1709 413 1765 ad
445 1727 512 1765 eam
543 1710 735 1776 rescriberet,
770 1727 836 1766 cum
866 1709 901 1766 de
933 1708 1100 1766 mansionis
1135 1707 1334 1782 permissione

153 1815 242 1872 fratri
272 1816 387 1889 gratias
420 1818 529 1889 ageret.
576 1816 674 1885 Quare
698 1815 809 1890 Tyrelli
840 1819 870 1873 et
893 1816 1014 1872 Purseri
1039 1815 1191 1873 sententia
1214 1814 1337 1871 videtur

154 1920 239 1979 falsa
262 1940 337 1980 esse.

244 2029 401 2088 Postremo
433 2029 511 2086 inter
535 2029 636 2100 Quinti
666 2030 842 2104 epistulam,
874 2031 910 2088 de
934 2047 996 2104 qua
1025 2030 1149 2104 scripsi,
1183 2031 1214 2086 et
1241 2027 1334 2085 Marci
1377 2095 1384 2108 .

153 2135 317 2210 epistulam
334 2154 436 2194 mense
452 2136 537 2194 lunio
554 2137 657 2194 datam
674 2135 711 2211 (ΙΙ
722 2136 772 2214 12)
789 2138 936 2195 rationem
953 2137 1135 2194 intercedere
1152 2153 1188 2194 eo
1205 2136 1336 2210 probare

151 2243 242 2312 hcet,
269 2244 350 2319 quod
375 2244 504 2314 Quintus
529 2244 565 2300 de
589 2244 730 2301 Trebatio
756 2245 845 2319 plura
868 2245 1047 2318 scripserat,
1081 2244 1110 2300 id
1135 2244 1217 2318 quod
1240 2243 1334 2300 Marci

151 2351 256 2410 verbis
280 2351 489 2424 cognoscitur:
518 2350 679 2408 Treteir'nn
704 2367 767 2408 oero
790 2368 881 2408 rnenrn
903 2350 977 2425 qnod
999 2350 1054 2409 isto
1076 2349 1239 2421 admiscens,
1262 2348 1336 2407 nibil

151 2461 201 2516 est.
247 2456 311 2531 Epo
333 2456 416 2515 illene
438 2456 476 2514 erl
500 2455 647 2516 Gaesarem
669 2456 749 2529 enisi,
780 2457 830 2532 qni
851 2457 923 2515 eniti
945 2457 1004 2515 r'ern
1027 2456 1098 2516 setis
1120 2456 1205 2529 feeit·
1227 2457 1254 2515 sr'
1276 2456 1335 2529 ipsi

151 2564 257 2637 rninns,
274 2567 424 2637 proestare
445 2563 519 2623 nibil
541 2565 621 2623 debeo
637 2568 713 2639 teqne
733 2564 799 2622 r'tern
814 2566 849 2623 nb
863 2582 894 2623 eo
909 2564 1024 2623 vindico
1040 2568 1064 2622 et
1081 2564 1167 2622 libero
1184 2562 1232 2640 (ΙΙΙ
1251 2564 1277 2632 1,
1294 2559 1333 2643 9).

153 2671 285 2741 Quintus
302 2672 389 2738 enim,
409 2689 476 2729 cum
490 2671 652 2746 epistulam
665 2691 684 2729 a
697 2672 797 2730 Marco
814 2676 971 2747 acceptam
984 2671 1020 2748 (ΙΙ
1035 2669 1085 2747 13)
1098 2672 1129 2728 in
1140 2671 1335 2730 rescribendo

152 2778 262 2835 iterum
285 2778 406 2852 legeret,
432 2779 469 2836 de
492 2779 633 2836 Trebatio
658 2779 833 2837 admonitus
858 2780 919 2849 est,
950 2782 980 2836 et
1004 2797 1082 2855 quae
1107 2779 1143 2837 de
1167 2796 1203 2835 eo
1227 2778 1333 2851 explo-

151 2888 223 2942 rata
246 2885 387 2953 habebat,
412 2885 500 2942 fratri
524 2886 684 2944 nuntiavit.

245 2992 360 3061 Quibus
392 2993 552 3067 explicatis
583 3011 679 3062 nunc,
713 3012 804 3069 quam
836 2994 998 3069 epistulam
1030 2994 1203 3067 significent
1224 2993 1335 3050 verba:

153 3096 272 3157 Gabino
295 3099 364 3157 bono
387 3102 413 3157 et
435 3103 591 3157 etrnrnento
615 3104 783 3174 ternpereto,
807 3101 906 3159 oberte
928 3101 1002 3159 enirn
1025 3101 1139 3159 dentato
1160 3117 1205 3158 res
1227 3102 1336 3174 apeinr.

152 3203 262 3263 Scribis
285 3205 359 3264 enr'rn
383 3209 408 3264 te
430 3224 528 3264 neees
551 3206 712 3265 litteras
734 3207 958 3280 superiores
980 3207 1033 3264 ein
1049 3205 1280 3282 leperepotnr'sse,
1303 3204 1334 3264 e'n

152 3329 207 3387 qno
229 3311 304 3370 eene
326 3330 431 3385 eornrn,
454 3311 496 3370 rni
517 3314 618 3386 freter,
641 3314 709 3386 snit,
732 3331 802 3389 qnae
818 3318 907 3387 petes
931 3312 967 3390 (ΙΙ
985 3314 1037 3382 14,
1052 3313 1089 3391 1),
1115 3313 1237 3370 facilius
1255 3313 1335 3370 diiu-

153 3418 281 3476 dicatur.
334 3419 439 3495 Neque
471 3420 548 3477 enim
579 3422 654 3478 haec
685 3421 787 3478 referri
810 3424 943 3496 possunt
973 3422 1012 3478 ad
1044 3420 1205 3496 epistulam
1228 3420 1332 3487 1113,

154 3525 228 3599 quia
258 3528 322 3583 tam
354 3544 421 3584 sero
454 3546 491 3585 ea
520 3528 637 3585 reddita
669 3529 725 3596 est,
763 3530 799 3586 ut
829 3528 960 3597 Quintus
984 3529 1023 3585 ad
1047 3546 1113 3586 eam
1137 3546 1153 3586 e
1176 3528 1337 3584 Britannia

154 3631 273 3689 demum
304 3634 507 3708 responderet.
552 3634 607 3692 Hla
637 3637 740 3692 autem
764 3635 915 3709 epistula,
944 3654 1007 3710 qua
1030 3636 1159 3706 Quintus
1184 3635 1220 3692 de
1244 3633 1333 3691 malis

151 3737 322 3797 litterarum
345 3741 451 3798 formis
475 3744 603 3816 questus
627 3747 683 3810 est,
710 3760 726 3800 e
751 3742 851 3800 Galba
874 3742 947 3800 data
970 3746 1032 3811 est;
1057 3743 1160 3817 itaque
1184 3741 1223 3799 ad
1239 3758 1334 3814 supe-

152 3846 263 3903 riorem
296 3847 447 3921 quandam
481 3849 633 3916 ducimur,
668 3849 869 3924 quaestioque
901 3852 963 3917 est,
1001 3867 1073 3906 uum
1104 3843 1234 3919 Quintus
1266 3864 1335 3904 eam

153 3953 382 4025 significaverit.
409 3972 499 4029 quarn
524 3975 543 4012 a
565 3955 604 4013 M.
621 3956 701 4013 Orfio
726 3957 841 4030 accepit
865 3973 969 4013 mense
983 3956 1064 4013 Maio
1089 3957 1192 4013 datam
1216 3951 1253 4032 (ΙΙ
1272 3953 1333 4030 12).

155 4109 371 4122 ——u—n—

244 4196 263 4267 1)
283 4199 339 4253 vol.
359 4198 384 4252 II
403 4215 429 4269 p.
445 4197 505 4265 147,
524 4199 620 4253 adnot.

243 4286 264 4356 Ι)
283 4287 477 4342 Rauschen
495 4305 522 4359 p.
542 4287 657 4342 54-55.
